%YAML 1.1
%TAG !u! tag:unity3d.com,2011:
--- !u!1 &1543153927702632
GameObject:
  m_ObjectHideFlags: 0
  m_CorrespondingSourceObject: {fileID: 0}
  m_PrefabInstance: {fileID: 0}
  m_PrefabAsset: {fileID: 0}
  serializedVersion: 6
  m_Component:
  - component: {fileID: 4862423274284122}
  m_Layer: 0
  m_Name: Eff12
  m_TagString: Untagged
  m_Icon: {fileID: 0}
  m_NavMeshLayer: 0
  m_StaticEditorFlags: 0
  m_IsActive: 1
--- !u!4 &4862423274284122
Transform:
  m_ObjectHideFlags: 0
  m_CorrespondingSourceObject: {fileID: 0}
  m_PrefabInstance: {fileID: 0}
  m_PrefabAsset: {fileID: 0}
  m_GameObject: {fileID: 1543153927702632}
  m_LocalRotation: {x: 0, y: 0, z: 0, w: 1}
  m_LocalPosition: {x: 0, y: 0, z: 0}
  m_LocalScale: {x: 1, y: 1, z: 1}
  m_Children:
  - {fileID: 4849999013921574}
  - {fileID: 4954616337965082}
  - {fileID: 4515153941458268}
  - {fileID: 4715160172389446}
  m_Father: {fileID: 0}
  m_RootOrder: 0
  m_LocalEulerAnglesHint: {x: 0, y: 0, z: 0}
--- !u!1001 &943408364868912446
PrefabInstance:
  m_ObjectHideFlags: 0
  serializedVersion: 2
  m_Modification:
    m_TransformParent: {fileID: 4862423274284122}
    m_Modifications:
    - target: {fileID: 938833950942863736, guid: 2874aa7a5efb573479e55e22842caa23,
        type: 3}
      propertyPath: m_LocalPosition.x
      value: 0
      objectReference: {fileID: 0}
    - target: {fileID: 938833950942863736, guid: 2874aa7a5efb573479e55e22842caa23,
        type: 3}
      propertyPath: m_LocalPosition.y
      value: 0
      objectReference: {fileID: 0}
    - target: {fileID: 938833950942863736, guid: 2874aa7a5efb573479e55e22842caa23,
        type: 3}
      propertyPath: m_LocalPosition.z
      value: 0
      objectReference: {fileID: 0}
    - target: {fileID: 938833950942863736, guid: 2874aa7a5efb573479e55e22842caa23,
        type: 3}
      propertyPath: m_LocalRotation.x
      value: 0.7071068
      objectReference: {fileID: 0}
    - target: {fileID: 938833950942863736, guid: 2874aa7a5efb573479e55e22842caa23,
        type: 3}
      propertyPath: m_LocalRotation.y
      value: -0
      objectReference: {fileID: 0}
    - target: {fileID: 938833950942863736, guid: 2874aa7a5efb573479e55e22842caa23,
        type: 3}
      propertyPath: m_LocalRotation.z
      value: -0
      objectReference: {fileID: 0}
    - target: {fileID: 938833950942863736, guid: 2874aa7a5efb573479e55e22842caa23,
        type: 3}
      propertyPath: m_LocalRotation.w
      value: 0.7071068
      objectReference: {fileID: 0}
    - target: {fileID: 938833950942863736, guid: 2874aa7a5efb573479e55e22842caa23,
        type: 3}
      propertyPath: m_RootOrder
      value: 3
      objectReference: {fileID: 0}
    - target: {fileID: 938833950942863736, guid: 2874aa7a5efb573479e55e22842caa23,
        type: 3}
      propertyPath: m_LocalEulerAnglesHint.x
      value: 90
      objectReference: {fileID: 0}
    - target: {fileID: 938833950942863736, guid: 2874aa7a5efb573479e55e22842caa23,
        type: 3}
      propertyPath: m_LocalEulerAnglesHint.y
      value: 0
      objectReference: {fileID: 0}
    - target: {fileID: 938833950942863736, guid: 2874aa7a5efb573479e55e22842caa23,
        type: 3}
      propertyPath: m_LocalEulerAnglesHint.z
      value: 0
      objectReference: {fileID: 0}
    - target: {fileID: 942307903459319074, guid: 2874aa7a5efb573479e55e22842caa23,
        type: 3}
      propertyPath: m_Name
      value: ColorRing
      objectReference: {fileID: 0}
    m_RemovedComponents: []
  m_SourcePrefab: {fileID: 100100000, guid: 2874aa7a5efb573479e55e22842caa23, type: 3}
--- !u!4 &4715160172389446 stripped
Transform:
  m_CorrespondingSourceObject: {fileID: 938833950942863736, guid: 2874aa7a5efb573479e55e22842caa23,
    type: 3}
  m_PrefabInstance: {fileID: 943408364868912446}
  m_PrefabAsset: {fileID: 0}
--- !u!1001 &2859831508990358309
PrefabInstance:
  m_ObjectHideFlags: 0
  serializedVersion: 2
  m_Modification:
    m_TransformParent: {fileID: 4862423274284122}
    m_Modifications:
    - target: {fileID: 2855584076846608387, guid: 6cc1b37844e08894daa107be159a6ac5,
        type: 3}
      propertyPath: m_LocalPosition.x
      value: 0
      objectReference: {fileID: 0}
    - target: {fileID: 2855584076846608387, guid: 6cc1b37844e08894daa107be159a6ac5,
        type: 3}
      propertyPath: m_LocalPosition.y
      value: 1
      objectReference: {fileID: 0}
    - target: {fileID: 2855584076846608387, guid: 6cc1b37844e08894daa107be159a6ac5,
        type: 3}
      propertyPath: m_LocalPosition.z
      value: 0
      objectReference: {fileID: 0}
    - target: {fileID: 2855584076846608387, guid: 6cc1b37844e08894daa107be159a6ac5,
        type: 3}
      propertyPath: m_LocalRotation.x
      value: -0
      objectReference: {fileID: 0}
    - target: {fileID: 2855584076846608387, guid: 6cc1b37844e08894daa107be159a6ac5,
        type: 3}
      propertyPath: m_LocalRotation.y
      value: -0
      objectReference: {fileID: 0}
    - target: {fileID: 2855584076846608387, guid: 6cc1b37844e08894daa107be159a6ac5,
        type: 3}
      propertyPath: m_LocalRotation.z
      value: -0
      objectReference: {fileID: 0}
    - target: {fileID: 2855584076846608387, guid: 6cc1b37844e08894daa107be159a6ac5,
        type: 3}
      propertyPath: m_LocalRotation.w
      value: 1
      objectReference: {fileID: 0}
    - target: {fileID: 2855584076846608387, guid: 6cc1b37844e08894daa107be159a6ac5,
        type: 3}
      propertyPath: m_RootOrder
      value: 0
      objectReference: {fileID: 0}
    - target: {fileID: 2855584076846608387, guid: 6cc1b37844e08894daa107be159a6ac5,
        type: 3}
      propertyPath: m_LocalEulerAnglesHint.x
      value: 0
      objectReference: {fileID: 0}
    - target: {fileID: 2855584076846608387, guid: 6cc1b37844e08894daa107be159a6ac5,
        type: 3}
      propertyPath: m_LocalEulerAnglesHint.y
      value: 0
      objectReference: {fileID: 0}
    - target: {fileID: 2855584076846608387, guid: 6cc1b37844e08894daa107be159a6ac5,
        type: 3}
      propertyPath: m_LocalEulerAnglesHint.z
      value: 0
      objectReference: {fileID: 0}
    - target: {fileID: 2861009454603486809, guid: 6cc1b37844e08894daa107be159a6ac5,
        type: 3}
      propertyPath: m_Name
      value: BirdLight
      objectReference: {fileID: 0}
    m_RemovedComponents: []
  m_SourcePrefab: {fileID: 100100000, guid: 6cc1b37844e08894daa107be159a6ac5, type: 3}
--- !u!4 &4849999013921574 stripped
Transform:
  m_CorrespondingSourceObject: {fileID: 2855584076846608387, guid: 6cc1b37844e08894daa107be159a6ac5,
    type: 3}
  m_PrefabInstance: {fileID: 2859831508990358309}
  m_PrefabAsset: {fileID: 0}
--- !u!1001 &3334831393284212998
PrefabInstance:
  m_ObjectHideFlags: 0
  serializedVersion: 2
  m_Modification:
    m_TransformParent: {fileID: 4862423274284122}
    m_Modifications:
    - target: {fileID: 3333325476175145948, guid: 8c0e12f84933387459cfcbdd27dd72b7,
        type: 3}
      propertyPath: m_Name
      value: Bird
      objectReference: {fileID: 0}
    - target: {fileID: 3338901568397535516, guid: 8c0e12f84933387459cfcbdd27dd72b7,
        type: 3}
      propertyPath: m_LocalPosition.x
      value: 0
      objectReference: {fileID: 0}
    - target: {fileID: 3338901568397535516, guid: 8c0e12f84933387459cfcbdd27dd72b7,
        type: 3}
      propertyPath: m_LocalPosition.y
      value: 0
      objectReference: {fileID: 0}
    - target: {fileID: 3338901568397535516, guid: 8c0e12f84933387459cfcbdd27dd72b7,
        type: 3}
      propertyPath: m_LocalPosition.z
      value: 0
      objectReference: {fileID: 0}
    - target: {fileID: 3338901568397535516, guid: 8c0e12f84933387459cfcbdd27dd72b7,
        type: 3}
      propertyPath: m_LocalRotation.x
      value: 0
      objectReference: {fileID: 0}
    - target: {fileID: 3338901568397535516, guid: 8c0e12f84933387459cfcbdd27dd72b7,
        type: 3}
      propertyPath: m_LocalRotation.y
      value: 0
      objectReference: {fileID: 0}
    - target: {fileID: 3338901568397535516, guid: 8c0e12f84933387459cfcbdd27dd72b7,
        type: 3}
      propertyPath: m_LocalRotation.z
      value: 0
      objectReference: {fileID: 0}
    - target: {fileID: 3338901568397535516, guid: 8c0e12f84933387459cfcbdd27dd72b7,
        type: 3}
      propertyPath: m_LocalRotation.w
      value: 1
      objectReference: {fileID: 0}
    - target: {fileID: 3338901568397535516, guid: 8c0e12f84933387459cfcbdd27dd72b7,
        type: 3}
      propertyPath: m_RootOrder
      value: 1
      objectReference: {fileID: 0}
    - target: {fileID: 3338901568397535516, guid: 8c0e12f84933387459cfcbdd27dd72b7,
        type: 3}
      propertyPath: m_LocalEulerAnglesHint.x
      value: 0
      objectReference: {fileID: 0}
    - target: {fileID: 3338901568397535516, guid: 8c0e12f84933387459cfcbdd27dd72b7,
        type: 3}
      propertyPath: m_LocalEulerAnglesHint.y
      value: 0
      objectReference: {fileID: 0}
    - target: {fileID: 3338901568397535516, guid: 8c0e12f84933387459cfcbdd27dd72b7,
        type: 3}
      propertyPath: m_LocalEulerAnglesHint.z
      value: 0
      objectReference: {fileID: 0}
    m_RemovedComponents: []
  m_SourcePrefab: {fileID: 100100000, guid: 8c0e12f84933387459cfcbdd27dd72b7, type: 3}
--- !u!4 &4954616337965082 stripped
Transform:
  m_CorrespondingSourceObject: {fileID: 3338901568397535516, guid: 8c0e12f84933387459cfcbdd27dd72b7,
    type: 3}
  m_PrefabInstance: {fileID: 3334831393284212998}
  m_PrefabAsset: {fileID: 0}
--- !u!1001 &4609650319982101606
PrefabInstance:
  m_ObjectHideFlags: 0
  serializedVersion: 2
  m_Modification:
    m_TransformParent: {fileID: 4862423274284122}
    m_Modifications:
    - target: {fileID: 4605157157967882554, guid: ab6e46958ab4a9f42b5a484f8a51b00c,
        type: 3}
      propertyPath: m_LocalPosition.x
      value: 0
      objectReference: {fileID: 0}
    - target: {fileID: 4605157157967882554, guid: ab6e46958ab4a9f42b5a484f8a51b00c,
        type: 3}
      propertyPath: m_LocalPosition.y
      value: 0
      objectReference: {fileID: 0}
    - target: {fileID: 4605157157967882554, guid: ab6e46958ab4a9f42b5a484f8a51b00c,
        type: 3}
      propertyPath: m_LocalPosition.z
      value: 0
      objectReference: {fileID: 0}
    - target: {fileID: 4605157157967882554, guid: ab6e46958ab4a9f42b5a484f8a51b00c,
        type: 3}
      propertyPath: m_LocalRotation.x
      value: 0.7071068
      objectReference: {fileID: 0}
    - target: {fileID: 4605157157967882554, guid: ab6e46958ab4a9f42b5a484f8a51b00c,
        type: 3}
      propertyPath: m_LocalRotation.y
      value: 0
      objectReference: {fileID: 0}
    - target: {fileID: 4605157157967882554, guid: ab6e46958ab4a9f42b5a484f8a51b00c,
        type: 3}
      propertyPath: m_LocalRotation.z
      value: 0
      objectReference: {fileID: 0}
    - target: {fileID: 4605157157967882554, guid: ab6e46958ab4a9f42b5a484f8a51b00c,
        type: 3}
      propertyPath: m_LocalRotation.w
      value: 0.7071068
      objectReference: {fileID: 0}
    - target: {fileID: 4605157157967882554, guid: ab6e46958ab4a9f42b5a484f8a51b00c,
        type: 3}
      propertyPath: m_RootOrder
      value: 2
      objectReference: {fileID: 0}
    - target: {fileID: 4605157157967882554, guid: ab6e46958ab4a9f42b5a484f8a51b00c,
        type: 3}
      propertyPath: m_LocalEulerAnglesHint.x
      value: 90
      objectReference: {fileID: 0}
    - target: {fileID: 4605157157967882554, guid: ab6e46958ab4a9f42b5a484f8a51b00c,
        type: 3}
      propertyPath: m_LocalEulerAnglesHint.y
      value: 0
      objectReference: {fileID: 0}
    - target: {fileID: 4605157157967882554, guid: ab6e46958ab4a9f42b5a484f8a51b00c,
        type: 3}
      propertyPath: m_LocalEulerAnglesHint.z
      value: 0
      objectReference: {fileID: 0}
    - target: {fileID: 4610662650622059586, guid: ab6e46958ab4a9f42b5a484f8a51b00c,
        type: 3}
      propertyPath: m_Name
      value: BlackRing
      objectReference: {fileID: 0}
    m_RemovedComponents: []
  m_SourcePrefab: {fileID: 100100000, guid: ab6e46958ab4a9f42b5a484f8a51b00c, type: 3}
--- !u!4 &4515153941458268 stripped
Transform:
  m_CorrespondingSourceObject: {fileID: 4605157157967882554, guid: ab6e46958ab4a9f42b5a484f8a51b00c,
    type: 3}
  m_PrefabInstance: {fileID: 4609650319982101606}
  m_PrefabAsset: {fileID: 0}
