%YAML 1.1
%TAG !u! tag:unity3d.com,2011:
--- !u!1 &823032408
GameObject:
  m_ObjectHideFlags: 0
  m_CorrespondingSourceObject: {fileID: 0}
  m_PrefabInstance: {fileID: 0}
  m_PrefabAsset: {fileID: 0}
  serializedVersion: 6
  m_Component:
  - component: {fileID: 823032409}
  m_Layer: 11
  m_Name: gun
  m_TagString: Untagged
  m_Icon: {fileID: 0}
  m_NavMeshLayer: 0
  m_StaticEditorFlags: 0
  m_IsActive: 1
--- !u!4 &823032409
Transform:
  m_ObjectHideFlags: 0
  m_CorrespondingSourceObject: {fileID: 0}
  m_PrefabInstance: {fileID: 0}
  m_PrefabAsset: {fileID: 0}
  m_GameObject: {fileID: 823032408}
  m_LocalRotation: {x: 0, y: 0, z: 0, w: 1}
  m_LocalPosition: {x: 0, y: 0, z: 0}
  m_LocalScale: {x: 1, y: 1, z: 1}
  m_Children: []
  m_Father: {fileID: 4979437205122283467}
  m_RootOrder: 0
  m_LocalEulerAnglesHint: {x: 0, y: 0, z: 0}
--- !u!1 &12396950502498780
GameObject:
  m_ObjectHideFlags: 0
  m_CorrespondingSourceObject: {fileID: 0}
  m_PrefabInstance: {fileID: 0}
  m_PrefabAsset: {fileID: 0}
  serializedVersion: 6
  m_Component:
  - component: {fileID: 4384947563731261396}
  m_Layer: 0
  m_Name: Head_02_TRx
  m_TagString: Untagged
  m_Icon: {fileID: 0}
  m_NavMeshLayer: 0
  m_StaticEditorFlags: 0
  m_IsActive: 1
--- !u!4 &4384947563731261396
Transform:
  m_ObjectHideFlags: 0
  m_CorrespondingSourceObject: {fileID: 0}
  m_PrefabInstance: {fileID: 0}
  m_PrefabAsset: {fileID: 0}
  m_GameObject: {fileID: 12396950502498780}
  m_LocalRotation: {x: -0.2164397, y: 0, z: -0, w: 0.976296}
  m_LocalPosition: {x: -0, y: -7.6293943e-10, z: -0.0000000015258789}
  m_LocalScale: {x: 1, y: 1, z: 1}
  m_Children: []
  m_Father: {fileID: 7612605183778657780}
  m_RootOrder: 0
  m_LocalEulerAnglesHint: {x: -25.00001, y: 0, z: 0}
--- !u!1 &120062908808205478
GameObject:
  m_ObjectHideFlags: 0
  m_CorrespondingSourceObject: {fileID: 0}
  m_PrefabInstance: {fileID: 0}
  m_PrefabAsset: {fileID: 0}
  serializedVersion: 6
  m_Component:
  - component: {fileID: 9034961464146176843}
  m_Layer: 0
  m_Name: eff_02
  m_TagString: Untagged
  m_Icon: {fileID: 0}
  m_NavMeshLayer: 0
  m_StaticEditorFlags: 0
  m_IsActive: 1
--- !u!4 &9034961464146176843
Transform:
  m_ObjectHideFlags: 0
  m_CorrespondingSourceObject: {fileID: 0}
  m_PrefabInstance: {fileID: 0}
  m_PrefabAsset: {fileID: 0}
  m_GameObject: {fileID: 120062908808205478}
  m_LocalRotation: {x: 0.7071068, y: 0, z: -0, w: 0.7071068}
  m_LocalPosition: {x: -0.0000000016537953, y: -0.012243493, z: 0.00042563016}
  m_LocalScale: {x: 1, y: 1, z: 1}
  m_Children: []
  m_Father: {fileID: 9102876220029062950}
  m_RootOrder: 3
  m_LocalEulerAnglesHint: {x: 90, y: 0, z: 0}
--- !u!1 &525005613336748365
GameObject:
  m_ObjectHideFlags: 0
  m_CorrespondingSourceObject: {fileID: 0}
  m_PrefabInstance: {fileID: 0}
  m_PrefabAsset: {fileID: 0}
  serializedVersion: 6
  m_Component:
  - component: {fileID: 1487109405382138187}
  m_Layer: 0
  m_Name: Arm_R_06_TRx
  m_TagString: Untagged
  m_Icon: {fileID: 0}
  m_NavMeshLayer: 0
  m_StaticEditorFlags: 0
  m_IsActive: 1
--- !u!4 &1487109405382138187
Transform:
  m_ObjectHideFlags: 0
  m_CorrespondingSourceObject: {fileID: 0}
  m_PrefabInstance: {fileID: 0}
  m_PrefabAsset: {fileID: 0}
  m_GameObject: {fileID: 525005613336748365}
  m_LocalRotation: {x: -0.1504833, y: 0.22127236, z: -0.41715983, w: 0.86854535}
  m_LocalPosition: {x: 0.0018999999, y: -2.5309418e-12, z: -0.010542462}
  m_LocalScale: {x: 1, y: 1, z: 1}
  m_Children:
  - {fileID: 1651393473595132505}
  m_Father: {fileID: 4831963102571665267}
  m_RootOrder: 0
  m_LocalEulerAnglesHint: {x: -13.484995, y: 17.14256, z: -77.53884}
--- !u!1 &543095989281497484
GameObject:
  m_ObjectHideFlags: 0
  m_CorrespondingSourceObject: {fileID: 0}
  m_PrefabInstance: {fileID: 0}
  m_PrefabAsset: {fileID: 0}
  serializedVersion: 6
  m_Component:
  - component: {fileID: 3160969823583546264}
  m_Layer: 0
  m_Name: Body_01_TRx
  m_TagString: Untagged
  m_Icon: {fileID: 0}
  m_NavMeshLayer: 0
  m_StaticEditorFlags: 0
  m_IsActive: 1
--- !u!4 &3160969823583546264
Transform:
  m_ObjectHideFlags: 0
  m_CorrespondingSourceObject: {fileID: 0}
  m_PrefabInstance: {fileID: 0}
  m_PrefabAsset: {fileID: 0}
  m_GameObject: {fileID: 543095989281497484}
  m_LocalRotation: {x: -0.23762932, y: -0.0051852283, z: 0.0211898, w: 0.97111094}
  m_LocalPosition: {x: 3.8146972e-10, y: 0.0017899999, z: 0.0030999999}
  m_LocalScale: {x: 1, y: 1, z: 1}
  m_Children:
  - {fileID: 9102876220029062950}
  m_Father: {fileID: 1154984751819916032}
  m_RootOrder: 0
  m_LocalEulerAnglesHint: {x: -9.499997, y: 0, z: 0}
--- !u!1 &1237076086839832884
GameObject:
  m_ObjectHideFlags: 0
  m_CorrespondingSourceObject: {fileID: 0}
  m_PrefabInstance: {fileID: 0}
  m_PrefabAsset: {fileID: 0}
  serializedVersion: 6
  m_Component:
  - component: {fileID: 4979437205122283467}
  m_Layer: 0
  m_Name: shw_eff_01
  m_TagString: Untagged
  m_Icon: {fileID: 0}
  m_NavMeshLayer: 0
  m_StaticEditorFlags: 0
  m_IsActive: 1
--- !u!4 &4979437205122283467
Transform:
  m_ObjectHideFlags: 0
  m_CorrespondingSourceObject: {fileID: 0}
  m_PrefabInstance: {fileID: 0}
  m_PrefabAsset: {fileID: 0}
  m_GameObject: {fileID: 1237076086839832884}
  m_LocalRotation: {x: 1, y: 0.00000023841858, z: 0.00000001495942, w: 0.00000013315805}
  m_LocalPosition: {x: 0.00044169463, y: -0.0036234313, z: -0.01675922}
  m_LocalScale: {x: 1, y: 1, z: 1}
  m_Children:
  - {fileID: 823032409}
  m_Father: {fileID: 4196247168914942251}
  m_RootOrder: 0
  m_LocalEulerAnglesHint: {x: -6.792843e-13, y: 180, z: 179.99997}
--- !u!1 &1531795360677741636
GameObject:
  m_ObjectHideFlags: 0
  m_CorrespondingSourceObject: {fileID: 0}
  m_PrefabInstance: {fileID: 0}
  m_PrefabAsset: {fileID: 0}
  serializedVersion: 6
  m_Component:
  - component: {fileID: 4196247168914942251}
  m_Layer: 0
  m_Name: Arm_L_06_TRx
  m_TagString: Untagged
  m_Icon: {fileID: 0}
  m_NavMeshLayer: 0
  m_StaticEditorFlags: 0
  m_IsActive: 1
--- !u!4 &4196247168914942251
Transform:
  m_ObjectHideFlags: 0
  m_CorrespondingSourceObject: {fileID: 0}
  m_PrefabInstance: {fileID: 0}
  m_PrefabAsset: {fileID: 0}
  m_GameObject: {fileID: 1531795360677741636}
  m_LocalRotation: {x: 0.000000013505038, y: 0.0000000062975043, z: 0.42261836, w: 0.90630776}
  m_LocalPosition: {x: -0.0018999984, y: -0.0000000015258789, z: -0.010500001}
  m_LocalScale: {x: 1, y: 1, z: 1}
  m_Children:
  - {fileID: 4979437205122283467}
  m_Father: {fileID: 2131829208837279288}
  m_RootOrder: 0
  m_LocalEulerAnglesHint: {x: 0.0000010975899, y: 0.0000013080573, z: 50.00001}
--- !u!1 &1778284074937399198
GameObject:
  m_ObjectHideFlags: 0
  m_CorrespondingSourceObject: {fileID: 0}
  m_PrefabInstance: {fileID: 0}
  m_PrefabAsset: {fileID: 0}
  serializedVersion: 6
  m_Component:
  - component: {fileID: 2680425713849071996}
  m_Layer: 0
  m_Name: loc_01
  m_TagString: Untagged
  m_Icon: {fileID: 0}
  m_NavMeshLayer: 0
  m_StaticEditorFlags: 0
  m_IsActive: 1
--- !u!4 &2680425713849071996
Transform:
  m_ObjectHideFlags: 0
  m_CorrespondingSourceObject: {fileID: 0}
  m_PrefabInstance: {fileID: 0}
  m_PrefabAsset: {fileID: 0}
  m_GameObject: {fileID: 1778284074937399198}
  m_LocalRotation: {x: 0, y: -0, z: -0, w: 1}
  m_LocalPosition: {x: -1.609008e-10, y: 0.00011032734, z: -0.0025583282}
  m_LocalScale: {x: 1, y: 1, z: 1}
  m_Children: []
  m_Father: {fileID: 9102876220029062950}
  m_RootOrder: 5
  m_LocalEulerAnglesHint: {x: 0, y: 0, z: 0}
--- !u!1 &1805364987562497895
GameObject:
  m_ObjectHideFlags: 0
  m_CorrespondingSourceObject: {fileID: 0}
  m_PrefabInstance: {fileID: 0}
  m_PrefabAsset: {fileID: 0}
  serializedVersion: 6
  m_Component:
  - component: {fileID: 7612605183778657780}
  m_Layer: 0
  m_Name: Head_01_TRx
  m_TagString: Untagged
  m_Icon: {fileID: 0}
  m_NavMeshLayer: 0
  m_StaticEditorFlags: 0
  m_IsActive: 1
--- !u!4 &7612605183778657780
Transform:
  m_ObjectHideFlags: 0
  m_CorrespondingSourceObject: {fileID: 0}
  m_PrefabInstance: {fileID: 0}
  m_PrefabAsset: {fileID: 0}
  m_GameObject: {fileID: 1805364987562497895}
  m_LocalRotation: {x: -0.2164397, y: 0, z: -0, w: 0.976296}
  m_LocalPosition: {x: -3.8146972e-10, y: -0.009145166, z: 0.0016344847}
  m_LocalScale: {x: 1, y: 1, z: 1}
  m_Children:
  - {fileID: 4384947563731261396}
  - {fileID: 662913035168840711}
  m_Father: {fileID: 9102876220029062950}
  m_RootOrder: 4
  m_LocalEulerAnglesHint: {x: 9.999989, y: 0, z: 0}
--- !u!1 &1962451961414522548
GameObject:
  m_ObjectHideFlags: 0
  m_CorrespondingSourceObject: {fileID: 0}
  m_PrefabInstance: {fileID: 0}
  m_PrefabAsset: {fileID: 0}
  serializedVersion: 6
  m_Component:
  - component: {fileID: 3051492041334271267}
  m_Layer: 0
  m_Name: Arm_R_11_TRx
  m_TagString: Untagged
  m_Icon: {fileID: 0}
  m_NavMeshLayer: 0
  m_StaticEditorFlags: 0
  m_IsActive: 1
--- !u!4 &3051492041334271267
Transform:
  m_ObjectHideFlags: 0
  m_CorrespondingSourceObject: {fileID: 0}
  m_PrefabInstance: {fileID: 0}
  m_PrefabAsset: {fileID: 0}
  m_GameObject: {fileID: 1962451961414522548}
  m_LocalRotation: {x: 0, y: 0.25881907, z: -0, w: 0.9659258}
  m_LocalPosition: {x: 0.0058999998, y: 0, z: -0.0002}
  m_LocalScale: {x: 1, y: 1, z: 1}
  m_Children: []
  m_Father: {fileID: 384772212963757202}
  m_RootOrder: 1
  m_LocalEulerAnglesHint: {x: 8.999999, y: 30, z: 0}
--- !u!1 &1995446988254227825
GameObject:
  m_ObjectHideFlags: 0
  m_CorrespondingSourceObject: {fileID: 0}
  m_PrefabInstance: {fileID: 0}
  m_PrefabAsset: {fileID: 0}
  serializedVersion: 6
  m_Component:
  - component: {fileID: 3308485112589639522}
  - component: {fileID: 7534712807294619594}
  - component: {fileID: 7534712807294619595}
  - component: {fileID: 7534712807294619188}
  - component: {fileID: 2176300483138407350}
  - component: {fileID: 1156572313}
  - component: {fileID: -6558468483830316368}
  m_Layer: 11
  m_Name: leader
  m_TagString: enemy
  m_Icon: {fileID: 0}
  m_NavMeshLayer: 0
  m_StaticEditorFlags: 0
  m_IsActive: 1
--- !u!4 &3308485112589639522
Transform:
  m_ObjectHideFlags: 0
  m_CorrespondingSourceObject: {fileID: 0}
  m_PrefabInstance: {fileID: 0}
  m_PrefabAsset: {fileID: 0}
  m_GameObject: {fileID: 1995446988254227825}
  m_LocalRotation: {x: 0, y: 0, z: 0, w: 1}
  m_LocalPosition: {x: 12.33, y: -1.7163619, z: 9.051554}
  m_LocalScale: {x: 60, y: 60, z: 60}
  m_Children:
  - {fileID: 1299489575852586507}
  m_Father: {fileID: 0}
  m_RootOrder: 0
  m_LocalEulerAnglesHint: {x: 0, y: 0, z: 0}
--- !u!54 &7534712807294619594
Rigidbody:
  m_ObjectHideFlags: 0
  m_CorrespondingSourceObject: {fileID: 0}
  m_PrefabInstance: {fileID: 0}
  m_PrefabAsset: {fileID: 0}
  m_GameObject: {fileID: 1995446988254227825}
  serializedVersion: 2
  m_Mass: 1
  m_Drag: 0
  m_AngularDrag: 0.05
  m_UseGravity: 0
  m_IsKinematic: 1
  m_Interpolate: 0
  m_Constraints: 0
  m_CollisionDetection: 0
--- !u!136 &7534712807294619595
CapsuleCollider:
  m_ObjectHideFlags: 0
  m_CorrespondingSourceObject: {fileID: 0}
  m_PrefabInstance: {fileID: 0}
  m_PrefabAsset: {fileID: 0}
  m_GameObject: {fileID: 1995446988254227825}
  m_Material: {fileID: 0}
  m_IsTrigger: 0
  m_Enabled: 1
  m_Radius: 0.022
  m_Height: 0
  m_Direction: 1
  m_Center: {x: 0, y: -0.002, z: 0}
--- !u!95 &7534712807294619188
Animator:
  serializedVersion: 3
  m_ObjectHideFlags: 0
  m_CorrespondingSourceObject: {fileID: 0}
  m_PrefabInstance: {fileID: 0}
  m_PrefabAsset: {fileID: 0}
  m_GameObject: {fileID: 1995446988254227825}
  m_Enabled: 1
  m_Avatar: {fileID: 0}
  m_Controller: {fileID: 9100000, guid: 21cde75d7a9714744a8f14ed00c8e7c5, type: 2}
  m_CullingMode: 0
  m_UpdateMode: 0
  m_ApplyRootMotion: 0
  m_LinearVelocityBlending: 0
  m_WarningMessage: 
  m_HasTransformHierarchy: 1
  m_AllowConstantClipSamplingOptimization: 1
  m_KeepAnimatorControllerStateOnDisable: 0
--- !u!114 &2176300483138407350
MonoBehaviour:
  m_ObjectHideFlags: 0
  m_CorrespondingSourceObject: {fileID: 0}
  m_PrefabInstance: {fileID: 0}
  m_PrefabAsset: {fileID: 0}
  m_GameObject: {fileID: 1995446988254227825}
  m_Enabled: 1
  m_EditorHideFlags: 0
  m_Script: {fileID: 11500000, guid: 1d4e9615188a8e5419971ed72482e3e0, type: 3}
  m_Name: 
  m_EditorClassIdentifier: 
  target: {fileID: 0}
  r: 0
  rotspeed: 0.2
  bullet: {fileID: 1865968712415440, guid: e1d30abeb36499148bca7bfbd6a64d43, type: 3}
  Timer: 0
  radius: 0
  bomb: {fileID: 1823173409967616, guid: ede7bed0fa02d104e8c38da0f2ac0181, type: 3}
  boom: {fileID: 1828176872806910, guid: 64891a0eb28db934898420d80ca07cb3, type: 3}
  gun: {fileID: 823032408}
  blade: {fileID: 7534712808174206574}
  slash: {fileID: 2813922919724235859, guid: 3be352f4a4007944c89284d26557fac5, type: 3}
  door: {fileID: 8326609983318812541, guid: 69c5ad87aee72064e867adeabb788a41, type: 3}
  hurt: {fileID: 8300000, guid: 9d8dda217f9277a4190a9e722542bd4a, type: 3}
--- !u!114 &1156572313
MonoBehaviour:
  m_ObjectHideFlags: 0
  m_CorrespondingSourceObject: {fileID: 0}
  m_PrefabInstance: {fileID: 0}
  m_PrefabAsset: {fileID: 0}
  m_GameObject: {fileID: 1995446988254227825}
  m_Enabled: 1
  m_EditorHideFlags: 0
  m_Script: {fileID: 11500000, guid: 63fc503a5d2cc524dad1c02d15e3d7c1, type: 3}
  m_Name: 
  m_EditorClassIdentifier: 
  maxhp: 180000
  hp: 0
--- !u!82 &-6558468483830316368
AudioSource:
  m_ObjectHideFlags: 0
  m_CorrespondingSourceObject: {fileID: 0}
  m_PrefabInstance: {fileID: 0}
  m_PrefabAsset: {fileID: 0}
  m_GameObject: {fileID: 1995446988254227825}
  m_Enabled: 1
  serializedVersion: 4
  OutputAudioMixerGroup: {fileID: 0}
  m_audioClip: {fileID: 0}
  m_PlayOnAwake: 1
  m_Volume: 0.53
  m_Pitch: 1
  Loop: 0
  Mute: 0
  Spatialize: 0
  SpatializePostEffects: 0
  Priority: 128
  DopplerLevel: 1
  MinDistance: 1
  MaxDistance: 500
  Pan2D: 0
  rolloffMode: 0
  BypassEffects: 0
  BypassListenerEffects: 0
  BypassReverbZones: 0
  rolloffCustomCurve:
    serializedVersion: 2
    m_Curve:
    - serializedVersion: 3
      time: 0
      value: 1
      inSlope: 0
      outSlope: 0
      tangentMode: 0
      weightedMode: 0
      inWeight: 0.33333334
      outWeight: 0.33333334
    - serializedVersion: 3
      time: 1
      value: 0
      inSlope: 0
      outSlope: 0
      tangentMode: 0
      weightedMode: 0
      inWeight: 0.33333334
      outWeight: 0.33333334
    m_PreInfinity: 2
    m_PostInfinity: 2
    m_RotationOrder: 4
  panLevelCustomCurve:
    serializedVersion: 2
    m_Curve:
    - serializedVersion: 3
      time: 0
      value: 1
      inSlope: 0
      outSlope: 0
      tangentMode: 0
      weightedMode: 0
      inWeight: 0.33333334
      outWeight: 0.33333334
    m_PreInfinity: 2
    m_PostInfinity: 2
    m_RotationOrder: 4
  spreadCustomCurve:
    serializedVersion: 2
    m_Curve:
    - serializedVersion: 3
      time: 0
      value: 0
      inSlope: 0
      outSlope: 0
      tangentMode: 0
      weightedMode: 0
      inWeight: 0.33333334
      outWeight: 0.33333334
    m_PreInfinity: 2
    m_PostInfinity: 2
    m_RotationOrder: 4
  reverbZoneMixCustomCurve:
    serializedVersion: 2
    m_Curve:
    - serializedVersion: 3
      time: 0
      value: 1
      inSlope: 0
      outSlope: 0
      tangentMode: 0
      weightedMode: 0
      inWeight: 0.33333334
      outWeight: 0.33333334
    m_PreInfinity: 2
    m_PostInfinity: 2
    m_RotationOrder: 4
--- !u!1 &2018649136022808936
GameObject:
  m_ObjectHideFlags: 0
  m_CorrespondingSourceObject: {fileID: 0}
  m_PrefabInstance: {fileID: 0}
  m_PrefabAsset: {fileID: 0}
  serializedVersion: 6
  m_Component:
  - component: {fileID: 8959491350884231365}
  m_Layer: 0
  m_Name: Arm_R_04_TRx
  m_TagString: Untagged
  m_Icon: {fileID: 0}
  m_NavMeshLayer: 0
  m_StaticEditorFlags: 0
  m_IsActive: 1
--- !u!4 &8959491350884231365
Transform:
  m_ObjectHideFlags: 0
  m_CorrespondingSourceObject: {fileID: 0}
  m_PrefabInstance: {fileID: 0}
  m_PrefabAsset: {fileID: 0}
  m_GameObject: {fileID: 2018649136022808936}
  m_LocalRotation: {x: 0, y: 0, z: 0.6087614, w: 0.7933533}
  m_LocalPosition: {x: 0.0009999999, y: -0.0000000011444091, z: -0.0035999997}
  m_LocalScale: {x: 1, y: 1, z: 1}
  m_Children:
  - {fileID: 4831963102571665267}
  m_Father: {fileID: 5602842129677069191}
  m_RootOrder: 0
  m_LocalEulerAnglesHint: {x: 0, y: 0, z: 74.99999}
--- !u!1 &2330453943813315345
GameObject:
  m_ObjectHideFlags: 0
  m_CorrespondingSourceObject: {fileID: 0}
  m_PrefabInstance: {fileID: 0}
  m_PrefabAsset: {fileID: 0}
  serializedVersion: 6
  m_Component:
  - component: {fileID: 5602842129677069191}
  m_Layer: 0
  m_Name: Arm_R_03_TRx
  m_TagString: Untagged
  m_Icon: {fileID: 0}
  m_NavMeshLayer: 0
  m_StaticEditorFlags: 0
  m_IsActive: 1
--- !u!4 &5602842129677069191
Transform:
  m_ObjectHideFlags: 0
  m_CorrespondingSourceObject: {fileID: 0}
  m_PrefabInstance: {fileID: 0}
  m_PrefabAsset: {fileID: 0}
  m_GameObject: {fileID: 2330453943813315345}
  m_LocalRotation: {x: -0.054626852, y: -0.19572137, z: 0.2557906, w: 0.94513506}
  m_LocalPosition: {x: 0.0075999997, y: 0, z: 0}
  m_LocalScale: {x: 1, y: 1, z: 1}
  m_Children:
  - {fileID: 8959491350884231365}
  m_Father: {fileID: 8384436447368975572}
  m_RootOrder: 0
  m_LocalEulerAnglesHint: {x: 52.28808, y: -47.71021, z: -9.407941}
--- !u!1 &3364769339191914718
GameObject:
  m_ObjectHideFlags: 0
  m_CorrespondingSourceObject: {fileID: 0}
  m_PrefabInstance: {fileID: 0}
  m_PrefabAsset: {fileID: 0}
  serializedVersion: 6
  m_Component:
  - component: {fileID: 5704029203194456231}
  m_Layer: 0
  m_Name: Arm_L_01_TRx
  m_TagString: Untagged
  m_Icon: {fileID: 0}
  m_NavMeshLayer: 0
  m_StaticEditorFlags: 0
  m_IsActive: 1
--- !u!4 &5704029203194456231
Transform:
  m_ObjectHideFlags: 0
  m_CorrespondingSourceObject: {fileID: 0}
  m_PrefabInstance: {fileID: 0}
  m_PrefabAsset: {fileID: 0}
  m_GameObject: {fileID: 3364769339191914718}
  m_LocalRotation: {x: 0, y: 0, z: 0.0436193, w: 0.99904823}
  m_LocalPosition: {x: -0.0053000003, y: -0.0045, z: -0.0014}
  m_LocalScale: {x: 1, y: 1, z: 1}
  m_Children:
  - {fileID: 7059048552650781989}
  - {fileID: 3337668652680250381}
  m_Father: {fileID: 9102876220029062950}
  m_RootOrder: 0
  m_LocalEulerAnglesHint: {x: 2.9885736, y: 0.2617046, z: 5.006827}
--- !u!1 &3700254931958660001
GameObject:
  m_ObjectHideFlags: 0
  m_CorrespondingSourceObject: {fileID: 0}
  m_PrefabInstance: {fileID: 0}
  m_PrefabAsset: {fileID: 0}
  serializedVersion: 6
  m_Component:
  - component: {fileID: 662913035168840711}
  m_Layer: 0
  m_Name: shw_eff_02
  m_TagString: Untagged
  m_Icon: {fileID: 0}
  m_NavMeshLayer: 0
  m_StaticEditorFlags: 0
  m_IsActive: 1
--- !u!4 &662913035168840711
Transform:
  m_ObjectHideFlags: 0
  m_CorrespondingSourceObject: {fileID: 0}
  m_PrefabInstance: {fileID: 0}
  m_PrefabAsset: {fileID: 0}
  m_GameObject: {fileID: 3700254931958660001}
  m_LocalRotation: {x: 0.8433914, y: -0.000000036381785, z: -0.000000022625628, w: 0.5372997}
  m_LocalPosition: {x: -0, y: -0.0016166037, z: -0.00075383624}
  m_LocalScale: {x: 1, y: 1, z: 1}
  m_Children: []
  m_Father: {fileID: 7612605183778657780}
  m_RootOrder: 1
  m_LocalEulerAnglesHint: {x: 0, y: 0, z: 0}
--- !u!1 &4083745533891889966
GameObject:
  m_ObjectHideFlags: 0
  m_CorrespondingSourceObject: {fileID: 0}
  m_PrefabInstance: {fileID: 0}
  m_PrefabAsset: {fileID: 0}
  serializedVersion: 6
  m_Component:
  - component: {fileID: 1154984751819916032}
  m_Layer: 0
  m_Name: Hip_01_TRx
  m_TagString: Untagged
  m_Icon: {fileID: 0}
  m_NavMeshLayer: 0
  m_StaticEditorFlags: 0
  m_IsActive: 1
--- !u!4 &1154984751819916032
Transform:
  m_ObjectHideFlags: 0
  m_CorrespondingSourceObject: {fileID: 0}
  m_PrefabInstance: {fileID: 0}
  m_PrefabAsset: {fileID: 0}
  m_GameObject: {fileID: 4083745533891889966}
  m_LocalRotation: {x: 0.04407412, y: 0.020837724, z: -0.022740267, w: 0.998552}
  m_LocalPosition: {x: -0, y: 0, z: 0}
  m_LocalScale: {x: 1, y: 1, z: 1}
  m_Children:
  - {fileID: 3160969823583546264}
  - {fileID: 7532431725184139592}
  - {fileID: 3607552739579526136}
  - {fileID: 1163456723202633725}
  - {fileID: 381894601039203032}
  m_Father: {fileID: 1299489575852586507}
  m_RootOrder: 1
  m_LocalEulerAnglesHint: {x: -52.49999, y: 0, z: 0}
--- !u!1 &4362801026757716100
GameObject:
  m_ObjectHideFlags: 0
  m_CorrespondingSourceObject: {fileID: 0}
  m_PrefabInstance: {fileID: 0}
  m_PrefabAsset: {fileID: 0}
  serializedVersion: 6
  m_Component:
  - component: {fileID: 7059048552650781989}
  m_Layer: 0
  m_Name: Arm_L_02_TRx
  m_TagString: Untagged
  m_Icon: {fileID: 0}
  m_NavMeshLayer: 0
  m_StaticEditorFlags: 0
  m_IsActive: 1
--- !u!4 &7059048552650781989
Transform:
  m_ObjectHideFlags: 0
  m_CorrespondingSourceObject: {fileID: 0}
  m_PrefabInstance: {fileID: 0}
  m_PrefabAsset: {fileID: 0}
  m_GameObject: {fileID: 4362801026757716100}
  m_LocalRotation: {x: -5.3533206e-10, y: -0.043619446, z: 0.0000000036912768, w: 0.99904823}
  m_LocalPosition: {x: 0.0017, y: 0, z: -0.00019999997}
  m_LocalScale: {x: 1, y: 1, z: 1}
  m_Children:
  - {fileID: 3282888261816509443}
  m_Father: {fileID: 5704029203194456231}
  m_RootOrder: 0
  m_LocalEulerAnglesHint: {x: -0.00000004283559, y: -5.000006, z: 0.00000042526239}
--- !u!1 &4518600268836287016
GameObject:
  m_ObjectHideFlags: 0
  m_CorrespondingSourceObject: {fileID: 0}
  m_PrefabInstance: {fileID: 0}
  m_PrefabAsset: {fileID: 0}
  serializedVersion: 6
  m_Component:
  - component: {fileID: 8365752461234509920}
  m_Layer: 0
  m_Name: Leg_L_03_xRx
  m_TagString: Untagged
  m_Icon: {fileID: 0}
  m_NavMeshLayer: 0
  m_StaticEditorFlags: 0
  m_IsActive: 1
--- !u!4 &8365752461234509920
Transform:
  m_ObjectHideFlags: 0
  m_CorrespondingSourceObject: {fileID: 0}
  m_PrefabInstance: {fileID: 0}
  m_PrefabAsset: {fileID: 0}
  m_GameObject: {fileID: 4518600268836287016}
  m_LocalRotation: {x: -0.36243808, y: 0, z: -0, w: 0.93200785}
  m_LocalPosition: {x: -0, y: -0.00029999999, z: -0.0032}
  m_LocalScale: {x: 1, y: 1, z: 1}
  m_Children: []
  m_Father: {fileID: 7439122454686518069}
  m_RootOrder: 0
  m_LocalEulerAnglesHint: {x: -20.000004, y: 0, z: 0}
--- !u!1 &4717067366709173899
GameObject:
  m_ObjectHideFlags: 0
  m_CorrespondingSourceObject: {fileID: 0}
  m_PrefabInstance: {fileID: 0}
  m_PrefabAsset: {fileID: 0}
  serializedVersion: 6
  m_Component:
  - component: {fileID: 1163456723202633725}
  m_Layer: 0
  m_Name: Leg_L_01_TRx
  m_TagString: Untagged
  m_Icon: {fileID: 0}
  m_NavMeshLayer: 0
  m_StaticEditorFlags: 0
  m_IsActive: 1
--- !u!4 &1163456723202633725
Transform:
  m_ObjectHideFlags: 0
  m_CorrespondingSourceObject: {fileID: 0}
  m_PrefabInstance: {fileID: 0}
  m_PrefabAsset: {fileID: 0}
  m_GameObject: {fileID: 4717067366709173899}
  m_LocalRotation: {x: 0.17799853, y: 0.14218329, z: -0.06884752, w: 0.97126746}
  m_LocalPosition: {x: -0.0035999997, y: 0.0007, z: -0.0009999999}
  m_LocalScale: {x: 1, y: 1, z: 1}
  m_Children:
  - {fileID: 7439122454686518069}
  m_Father: {fileID: 1154984751819916032}
  m_RootOrder: 3
  m_LocalEulerAnglesHint: {x: -23.005066, y: 15.219293, z: -3.6855352}
--- !u!1 &4765238284405887292
GameObject:
  m_ObjectHideFlags: 0
  m_CorrespondingSourceObject: {fileID: 0}
  m_PrefabInstance: {fileID: 0}
  m_PrefabAsset: {fileID: 0}
  serializedVersion: 6
  m_Component:
  - component: {fileID: 9102876220029062950}
  m_Layer: 0
  m_Name: Body_02_TRx
  m_TagString: Untagged
  m_Icon: {fileID: 0}
  m_NavMeshLayer: 0
  m_StaticEditorFlags: 0
  m_IsActive: 1
--- !u!4 &9102876220029062950
Transform:
  m_ObjectHideFlags: 0
  m_CorrespondingSourceObject: {fileID: 0}
  m_PrefabInstance: {fileID: 0}
  m_PrefabAsset: {fileID: 0}
  m_GameObject: {fileID: 4765238284405887292}
  m_LocalRotation: {x: 0.5372997, y: -0, z: -0, w: 0.8433914}
  m_LocalPosition: {x: -0, y: -0.00349, z: 0.011399998}
  m_LocalScale: {x: 1, y: 1, z: 1}
  m_Children:
  - {fileID: 5704029203194456231}
  - {fileID: 384772212963757202}
  - {fileID: 770203898552349035}
  - {fileID: 9034961464146176843}
  - {fileID: 7612605183778657780}
  - {fileID: 2680425713849071996}
  - {fileID: 1007891868040592729}
  m_Father: {fileID: 3160969823583546264}
  m_RootOrder: 0
  m_LocalEulerAnglesHint: {x: 47.499992, y: 0, z: 0}
--- !u!1 &5379502917130384830
GameObject:
  m_ObjectHideFlags: 0
  m_CorrespondingSourceObject: {fileID: 0}
  m_PrefabInstance: {fileID: 0}
  m_PrefabAsset: {fileID: 0}
  serializedVersion: 6
  m_Component:
  - component: {fileID: 3337668652680250381}
  m_Layer: 0
  m_Name: Arm_L_11_TRx
  m_TagString: Untagged
  m_Icon: {fileID: 0}
  m_NavMeshLayer: 0
  m_StaticEditorFlags: 0
  m_IsActive: 1
--- !u!4 &3337668652680250381
Transform:
  m_ObjectHideFlags: 0
  m_CorrespondingSourceObject: {fileID: 0}
  m_PrefabInstance: {fileID: 0}
  m_PrefabAsset: {fileID: 0}
  m_GameObject: {fileID: 5379502917130384830}
  m_LocalRotation: {x: -0.16773127, y: -0.25488707, z: -0.044943463, w: 0.95125127}
  m_LocalPosition: {x: -0.0058999998, y: 0, z: -0.0002}
  m_LocalScale: {x: 1, y: 1, z: 1}
  m_Children: []
  m_Father: {fileID: 5704029203194456231}
  m_RootOrder: 1
  m_LocalEulerAnglesHint: {x: 3.999998, y: -30, z: 0}
--- !u!1 &5439703174747990576
GameObject:
  m_ObjectHideFlags: 0
  m_CorrespondingSourceObject: {fileID: 0}
  m_PrefabInstance: {fileID: 0}
  m_PrefabAsset: {fileID: 0}
  serializedVersion: 6
  m_Component:
  - component: {fileID: 1651393473595132505}
  m_Layer: 0
  m_Name: Arm_R_07_TRx
  m_TagString: Untagged
  m_Icon: {fileID: 0}
  m_NavMeshLayer: 0
  m_StaticEditorFlags: 0
  m_IsActive: 1
--- !u!4 &1651393473595132505
Transform:
  m_ObjectHideFlags: 0
  m_CorrespondingSourceObject: {fileID: 0}
  m_PrefabInstance: {fileID: 0}
  m_PrefabAsset: {fileID: 0}
  m_GameObject: {fileID: 5439703174747990576}
  m_LocalRotation: {x: 0.23768589, y: -0, z: -0, w: 0.9713421}
  m_LocalPosition: {x: -0.00046999814, y: -0.00045999986, z: -0.0045999982}
  m_LocalScale: {x: 1, y: 1, z: 1}
  m_Children:
  - {fileID: 7534712808174206575}
  m_Father: {fileID: 1487109405382138187}
  m_RootOrder: 0
  m_LocalEulerAnglesHint: {x: 27.499998, y: 0, z: 0}
--- !u!1 &5533392280050038020
GameObject:
  m_ObjectHideFlags: 0
  m_CorrespondingSourceObject: {fileID: 0}
  m_PrefabInstance: {fileID: 0}
  m_PrefabAsset: {fileID: 0}
  serializedVersion: 6
  m_Component:
  - component: {fileID: 2703589751080841272}
  m_Layer: 0
  m_Name: Leg_R_02_xRx
  m_TagString: Untagged
  m_Icon: {fileID: 0}
  m_NavMeshLayer: 0
  m_StaticEditorFlags: 0
  m_IsActive: 1
--- !u!4 &2703589751080841272
Transform:
  m_ObjectHideFlags: 0
  m_CorrespondingSourceObject: {fileID: 0}
  m_PrefabInstance: {fileID: 0}
  m_PrefabAsset: {fileID: 0}
  m_GameObject: {fileID: 5533392280050038020}
  m_LocalRotation: {x: 0.57357645, y: -0, z: -0, w: 0.81915206}
  m_LocalPosition: {x: 0.0016, y: -0.0007, z: -0.0087}
  m_LocalScale: {x: 1, y: 1, z: 1}
  m_Children:
  - {fileID: 6790709878776750258}
  m_Father: {fileID: 381894601039203032}
  m_RootOrder: 0
  m_LocalEulerAnglesHint: {x: 65.00001, y: 0, z: 0}
--- !u!1 &5843136618085774140
GameObject:
  m_ObjectHideFlags: 0
  m_CorrespondingSourceObject: {fileID: 0}
  m_PrefabInstance: {fileID: 0}
  m_PrefabAsset: {fileID: 0}
  serializedVersion: 6
  m_Component:
  - component: {fileID: 1007891868040592729}
  m_Layer: 0
  m_Name: push_01
  m_TagString: Untagged
  m_Icon: {fileID: 0}
  m_NavMeshLayer: 0
  m_StaticEditorFlags: 0
  m_IsActive: 1
--- !u!4 &1007891868040592729
Transform:
  m_ObjectHideFlags: 0
  m_CorrespondingSourceObject: {fileID: 0}
  m_PrefabInstance: {fileID: 0}
  m_PrefabAsset: {fileID: 0}
  m_GameObject: {fileID: 5843136618085774140}
  m_LocalRotation: {x: -0.00000003352761, y: 0, z: -0, w: 1}
  m_LocalPosition: {x: -0, y: 0.00009999994, z: -0.009400001}
  m_LocalScale: {x: 1, y: 1, z: 1}
  m_Children: []
  m_Father: {fileID: 9102876220029062950}
  m_RootOrder: 6
  m_LocalEulerAnglesHint: {x: 0, y: 0, z: 0}
--- !u!1 &5941844915423982875
GameObject:
  m_ObjectHideFlags: 0
  m_CorrespondingSourceObject: {fileID: 0}
  m_PrefabInstance: {fileID: 0}
  m_PrefabAsset: {fileID: 0}
  serializedVersion: 6
  m_Component:
  - component: {fileID: 2131829208837279288}
  m_Layer: 0
  m_Name: Arm_L_05_TRx
  m_TagString: Untagged
  m_Icon: {fileID: 0}
  m_NavMeshLayer: 0
  m_StaticEditorFlags: 0
  m_IsActive: 1
--- !u!4 &2131829208837279288
Transform:
  m_ObjectHideFlags: 0
  m_CorrespondingSourceObject: {fileID: 0}
  m_PrefabInstance: {fileID: 0}
  m_PrefabAsset: {fileID: 0}
  m_GameObject: {fileID: 5941844915423982875}
  m_LocalRotation: {x: 0, y: -0.5372997, z: -0, w: 0.8433914}
  m_LocalPosition: {x: -0.002599997, y: 0, z: -0.0097}
  m_LocalScale: {x: 1, y: 1, z: 1}
  m_Children:
  - {fileID: 4196247168914942251}
  m_Father: {fileID: 4839851804212720670}
  m_RootOrder: 0
  m_LocalEulerAnglesHint: {x: 4.231593e-16, y: -109.99999, z: 2.3998559e-15}
--- !u!1 &5953877804514260707
GameObject:
  m_ObjectHideFlags: 0
  m_CorrespondingSourceObject: {fileID: 0}
  m_PrefabInstance: {fileID: 0}
  m_PrefabAsset: {fileID: 0}
  serializedVersion: 6
  m_Component:
  - component: {fileID: 4839851804212720670}
  m_Layer: 0
  m_Name: Arm_L_04_TRx
  m_TagString: Untagged
  m_Icon: {fileID: 0}
  m_NavMeshLayer: 0
  m_StaticEditorFlags: 0
  m_IsActive: 1
--- !u!4 &4839851804212720670
Transform:
  m_ObjectHideFlags: 0
  m_CorrespondingSourceObject: {fileID: 0}
  m_PrefabInstance: {fileID: 0}
  m_PrefabAsset: {fileID: 0}
  m_GameObject: {fileID: 5953877804514260707}
  m_LocalRotation: {x: 0, y: -0, z: -0.258819, w: 0.9659259}
  m_LocalPosition: {x: -0.0009999984, y: -0.0000000011444091, z: -0.0036000006}
  m_LocalScale: {x: 1, y: 1, z: 1}
  m_Children:
  - {fileID: 2131829208837279288}
  m_Father: {fileID: 3282888261816509443}
  m_RootOrder: 0
  m_LocalEulerAnglesHint: {x: 0, y: 0, z: -62.499996}
--- !u!1 &5962082663962561167
GameObject:
  m_ObjectHideFlags: 0
  m_CorrespondingSourceObject: {fileID: 0}
  m_PrefabInstance: {fileID: 0}
  m_PrefabAsset: {fileID: 0}
  serializedVersion: 6
  m_Component:
  - component: {fileID: 7439122454686518069}
  m_Layer: 0
  m_Name: Leg_L_02_xRx
  m_TagString: Untagged
  m_Icon: {fileID: 0}
  m_NavMeshLayer: 0
  m_StaticEditorFlags: 0
  m_IsActive: 1
--- !u!4 &7439122454686518069
Transform:
  m_ObjectHideFlags: 0
  m_CorrespondingSourceObject: {fileID: 0}
  m_PrefabInstance: {fileID: 0}
  m_PrefabAsset: {fileID: 0}
  m_GameObject: {fileID: 5962082663962561167}
  m_LocalRotation: {x: 0.17364821, y: -0, z: -0, w: 0.9848078}
  m_LocalPosition: {x: -0.0016, y: -0.0007, z: -0.0087}
  m_LocalScale: {x: 1, y: 1, z: 1}
  m_Children:
  - {fileID: 8365752461234509920}
  m_Father: {fileID: 1163456723202633725}
  m_RootOrder: 0
  m_LocalEulerAnglesHint: {x: 45.000004, y: 0, z: 0}
--- !u!1 &6015171982020497401
GameObject:
  m_ObjectHideFlags: 0
  m_CorrespondingSourceObject: {fileID: 0}
  m_PrefabInstance: {fileID: 0}
  m_PrefabAsset: {fileID: 0}
  serializedVersion: 6
  m_Component:
  - component: {fileID: 384772212963757202}
  m_Layer: 0
  m_Name: Arm_R_01_TRx
  m_TagString: Untagged
  m_Icon: {fileID: 0}
  m_NavMeshLayer: 0
  m_StaticEditorFlags: 0
  m_IsActive: 1
--- !u!4 &384772212963757202
Transform:
  m_ObjectHideFlags: 0
  m_CorrespondingSourceObject: {fileID: 0}
  m_PrefabInstance: {fileID: 0}
  m_PrefabAsset: {fileID: 0}
  m_GameObject: {fileID: 6015171982020497401}
  m_LocalRotation: {x: 0.0014267648, y: 0.065387435, z: -0.021768266, w: 0.9976215}
  m_LocalPosition: {x: 0.0052999994, y: -0.0045, z: -0.0014}
  m_LocalScale: {x: 1, y: 1, z: 1}
  m_Children:
  - {fileID: 8384436447368975572}
  - {fileID: 3051492041334271267}
  m_Father: {fileID: 9102876220029062950}
  m_RootOrder: 1
  m_LocalEulerAnglesHint: {x: 2.9885736, y: -0.2617046, z: -5.006827}
--- !u!1 &6321939150631123305
GameObject:
  m_ObjectHideFlags: 0
  m_CorrespondingSourceObject: {fileID: 0}
  m_PrefabInstance: {fileID: 0}
  m_PrefabAsset: {fileID: 0}
  serializedVersion: 6
  m_Component:
  - component: {fileID: 7532431725184139592}
  m_Layer: 0
  m_Name: eff_01
  m_TagString: Untagged
  m_Icon: {fileID: 0}
  m_NavMeshLayer: 0
  m_StaticEditorFlags: 0
  m_IsActive: 1
--- !u!4 &7532431725184139592
Transform:
  m_ObjectHideFlags: 0
  m_CorrespondingSourceObject: {fileID: 0}
  m_PrefabInstance: {fileID: 0}
  m_PrefabAsset: {fileID: 0}
  m_GameObject: {fileID: 6321939150631123305}
  m_LocalRotation: {x: 0.92387956, y: -0, z: 0, w: -0.38268346}
  m_LocalPosition: {x: -4.9409987e-10, y: 0.0038602343, z: -0.0008833603}
  m_LocalScale: {x: 1, y: 1, z: 1}
  m_Children: []
  m_Father: {fileID: 1154984751819916032}
  m_RootOrder: 1
  m_LocalEulerAnglesHint: {x: 0, y: 0, z: 0}
--- !u!1 &6418767541367559759
GameObject:
  m_ObjectHideFlags: 0
  m_CorrespondingSourceObject: {fileID: 0}
  m_PrefabInstance: {fileID: 0}
  m_PrefabAsset: {fileID: 0}
  serializedVersion: 6
  m_Component:
  - component: {fileID: 1492591916606430034}
  - component: {fileID: 1530887016506668039}
  m_Layer: 11
  m_Name: ene_mesh
  m_TagString: Untagged
  m_Icon: {fileID: 0}
  m_NavMeshLayer: 0
  m_StaticEditorFlags: 0
  m_IsActive: 1
--- !u!4 &1492591916606430034
Transform:
  m_ObjectHideFlags: 0
  m_CorrespondingSourceObject: {fileID: 0}
  m_PrefabInstance: {fileID: 0}
  m_PrefabAsset: {fileID: 0}
  m_GameObject: {fileID: 6418767541367559759}
  m_LocalRotation: {x: 0.000000059604645, y: 0, z: -0, w: 1}
  m_LocalPosition: {x: -0, y: 0, z: 0}
  m_LocalScale: {x: 1, y: 1, z: 1}
  m_Children: []
  m_Father: {fileID: 1299489575852586507}
  m_RootOrder: 0
  m_LocalEulerAnglesHint: {x: 0, y: 0, z: 0}
--- !u!137 &1530887016506668039
SkinnedMeshRenderer:
  m_ObjectHideFlags: 0
  m_CorrespondingSourceObject: {fileID: 0}
  m_PrefabInstance: {fileID: 0}
  m_PrefabAsset: {fileID: 0}
  m_GameObject: {fileID: 6418767541367559759}
  m_Enabled: 1
  m_CastShadows: 1
  m_ReceiveShadows: 1
  m_DynamicOccludee: 1
  m_MotionVectors: 1
  m_LightProbeUsage: 1
  m_ReflectionProbeUsage: 1
  m_RayTracingMode: 0
  m_RenderingLayerMask: 1
  m_RendererPriority: 0
  m_Materials:
  - {fileID: 2100000, guid: 61e65c438c4131a47884a9bdaaa3a6e0, type: 2}
  m_StaticBatchInfo:
    firstSubMesh: 0
    subMeshCount: 0
  m_StaticBatchRoot: {fileID: 0}
  m_ProbeAnchor: {fileID: 0}
  m_LightProbeVolumeOverride: {fileID: 0}
  m_ScaleInLightmap: 1
  m_ReceiveGI: 1
  m_PreserveUVs: 0
  m_IgnoreNormalsForChartDetection: 0
  m_ImportantGI: 0
  m_StitchLightmapSeams: 1
  m_SelectedEditorRenderState: 3
  m_MinimumChartSize: 4
  m_AutoUVMaxDistance: 0.5
  m_AutoUVMaxAngle: 89
  m_LightmapParameters: {fileID: 0}
  m_SortingLayerID: 0
  m_SortingLayer: 0
  m_SortingOrder: 0
  serializedVersion: 2
  m_Quality: 0
  m_UpdateWhenOffscreen: 0
  m_SkinnedMotionVectors: 1
  m_Mesh: {fileID: 5351853177551844033, guid: b0b88076506c76e4394f64ad5d8fc881, type: 3}
  m_Bones:
  - {fileID: 1154984751819916032}
  - {fileID: 3160969823583546264}
  - {fileID: 381894601039203032}
  - {fileID: 1163456723202633725}
  - {fileID: 3607552739579526136}
  - {fileID: 9102876220029062950}
  - {fileID: 5704029203194456231}
  - {fileID: 7059048552650781989}
  - {fileID: 8384436447368975572}
  - {fileID: 384772212963757202}
  - {fileID: 7612605183778657780}
  - {fileID: 4384947563731261396}
  - {fileID: 3282888261816509443}
  - {fileID: 5602842129677069191}
  - {fileID: 3337668652680250381}
  - {fileID: 4839851804212720670}
  - {fileID: 2131829208837279288}
  - {fileID: 4196247168914942251}
  - {fileID: 8365752461234509920}
  - {fileID: 7439122454686518069}
  - {fileID: 2703589751080841272}
  - {fileID: 6790709878776750258}
  - {fileID: 1487109405382138187}
  - {fileID: 4831963102571665267}
  - {fileID: 8959491350884231365}
  - {fileID: 3051492041334271267}
  m_BlendShapeWeights: []
  m_RootBone: {fileID: 1154984751819916032}
  m_AABB:
    m_Center: {x: 0.0075923726, y: 0.0009862548, z: -0.0042072954}
    m_Extent: {x: 0.03339809, y: 0.021394543, z: 0.025752876}
  m_DirtyAABB: 0
--- !u!1 &6836845664221607881
GameObject:
  m_ObjectHideFlags: 0
  m_CorrespondingSourceObject: {fileID: 0}
  m_PrefabInstance: {fileID: 0}
  m_PrefabAsset: {fileID: 0}
  serializedVersion: 6
  m_Component:
  - component: {fileID: 381894601039203032}
  m_Layer: 0
  m_Name: Leg_R_01_TRx
  m_TagString: Untagged
  m_Icon: {fileID: 0}
  m_NavMeshLayer: 0
  m_StaticEditorFlags: 0
  m_IsActive: 1
--- !u!4 &381894601039203032
Transform:
  m_ObjectHideFlags: 0
  m_CorrespondingSourceObject: {fileID: 0}
  m_PrefabInstance: {fileID: 0}
  m_PrefabAsset: {fileID: 0}
  m_GameObject: {fileID: 6836845664221607881}
  m_LocalRotation: {x: -0.23081304, y: -0.1995658, z: 0.07960423, w: 0.9489795}
  m_LocalPosition: {x: 0.0035999997, y: 0.0007, z: -0.0009999999}
  m_LocalScale: {x: 1, y: 1, z: 1}
  m_Children:
  - {fileID: 2703589751080841272}
  m_Father: {fileID: 1154984751819916032}
  m_RootOrder: 4
  m_LocalEulerAnglesHint: {x: -17.431257, y: -15.241331, z: 1.574087}
--- !u!1 &6932816365428004446
GameObject:
  m_ObjectHideFlags: 0
  m_CorrespondingSourceObject: {fileID: 0}
  m_PrefabInstance: {fileID: 0}
  m_PrefabAsset: {fileID: 0}
  serializedVersion: 6
  m_Component:
  - component: {fileID: 4831963102571665267}
  m_Layer: 0
  m_Name: Arm_R_05_TRx
  m_TagString: Untagged
  m_Icon: {fileID: 0}
  m_NavMeshLayer: 0
  m_StaticEditorFlags: 0
  m_IsActive: 1
--- !u!4 &4831963102571665267
Transform:
  m_ObjectHideFlags: 0
  m_CorrespondingSourceObject: {fileID: 0}
  m_PrefabInstance: {fileID: 0}
  m_PrefabAsset: {fileID: 0}
  m_GameObject: {fileID: 6932816365428004446}
  m_LocalRotation: {x: 0, y: 0.21643955, z: -0, w: 0.976296}
  m_LocalPosition: {x: 0.0025999998, y: 0, z: -0.009699999}
  m_LocalScale: {x: 1, y: 1, z: 1}
  m_Children:
  - {fileID: 1487109405382138187}
  m_Father: {fileID: 8959491350884231365}
  m_RootOrder: 0
  m_LocalEulerAnglesHint: {x: 0, y: 87.49999, z: 0}
--- !u!1 &7179817197093870447
GameObject:
  m_ObjectHideFlags: 0
  m_CorrespondingSourceObject: {fileID: 0}
  m_PrefabInstance: {fileID: 0}
  m_PrefabAsset: {fileID: 0}
  serializedVersion: 6
  m_Component:
  - component: {fileID: 6790709878776750258}
  m_Layer: 0
  m_Name: Leg_R_03_xRx
  m_TagString: Untagged
  m_Icon: {fileID: 0}
  m_NavMeshLayer: 0
  m_StaticEditorFlags: 0
  m_IsActive: 1
--- !u!4 &6790709878776750258
Transform:
  m_ObjectHideFlags: 0
  m_CorrespondingSourceObject: {fileID: 0}
  m_PrefabInstance: {fileID: 0}
  m_PrefabAsset: {fileID: 0}
  m_GameObject: {fileID: 7179817197093870447}
  m_LocalRotation: {x: -0.3826835, y: 0, z: -0, w: 0.9238795}
  m_LocalPosition: {x: -0, y: -0.00029999999, z: -0.0032}
  m_LocalScale: {x: 1, y: 1, z: 1}
  m_Children: []
  m_Father: {fileID: 2703589751080841272}
  m_RootOrder: 0
  m_LocalEulerAnglesHint: {x: -77.50001, y: 0, z: 0}
--- !u!1 &7534712808174206574
GameObject:
  m_ObjectHideFlags: 0
  m_CorrespondingSourceObject: {fileID: 0}
  m_PrefabInstance: {fileID: 0}
  m_PrefabAsset: {fileID: 0}
  serializedVersion: 6
  m_Component:
  - component: {fileID: 7534712808174206575}
  - component: {fileID: 7534712808174206562}
  - component: {fileID: 7534712808174206573}
  - component: {fileID: 7534712808174206572}
  - component: {fileID: 2051980706}
  m_Layer: 0
  m_Name: blade
  m_TagString: EnemyAttack
  m_Icon: {fileID: 0}
  m_NavMeshLayer: 0
  m_StaticEditorFlags: 0
  m_IsActive: 1
--- !u!4 &7534712808174206575
Transform:
  m_ObjectHideFlags: 0
  m_CorrespondingSourceObject: {fileID: 0}
  m_PrefabInstance: {fileID: 0}
  m_PrefabAsset: {fileID: 0}
  m_GameObject: {fileID: 7534712808174206574}
  m_LocalRotation: {x: 0, y: 0, z: 0, w: 1}
  m_LocalPosition: {x: 0, y: -0.015, z: 0}
  m_LocalScale: {x: 0.01, y: 0.030853223, z: 0.011245271}
  m_Children: []
  m_Father: {fileID: 1651393473595132505}
  m_RootOrder: 0
  m_LocalEulerAnglesHint: {x: 0, y: 0, z: 0}
--- !u!33 &7534712808174206562
MeshFilter:
  m_ObjectHideFlags: 0
  m_CorrespondingSourceObject: {fileID: 0}
  m_PrefabInstance: {fileID: 0}
  m_PrefabAsset: {fileID: 0}
  m_GameObject: {fileID: 7534712808174206574}
  m_Mesh: {fileID: 10202, guid: 0000000000000000e000000000000000, type: 0}
--- !u!23 &7534712808174206573
MeshRenderer:
  m_ObjectHideFlags: 0
  m_CorrespondingSourceObject: {fileID: 0}
  m_PrefabInstance: {fileID: 0}
  m_PrefabAsset: {fileID: 0}
  m_GameObject: {fileID: 7534712808174206574}
  m_Enabled: 0
  m_CastShadows: 1
  m_ReceiveShadows: 1
  m_DynamicOccludee: 1
  m_MotionVectors: 1
  m_LightProbeUsage: 1
  m_ReflectionProbeUsage: 1
  m_RayTracingMode: 2
  m_RenderingLayerMask: 1
  m_RendererPriority: 0
  m_Materials:
  - {fileID: 10303, guid: 0000000000000000f000000000000000, type: 0}
  m_StaticBatchInfo:
    firstSubMesh: 0
    subMeshCount: 0
  m_StaticBatchRoot: {fileID: 0}
  m_ProbeAnchor: {fileID: 0}
  m_LightProbeVolumeOverride: {fileID: 0}
  m_ScaleInLightmap: 1
  m_ReceiveGI: 1
  m_PreserveUVs: 0
  m_IgnoreNormalsForChartDetection: 0
  m_ImportantGI: 0
  m_StitchLightmapSeams: 1
  m_SelectedEditorRenderState: 3
  m_MinimumChartSize: 4
  m_AutoUVMaxDistance: 0.5
  m_AutoUVMaxAngle: 89
  m_LightmapParameters: {fileID: 0}
  m_SortingLayerID: 0
  m_SortingLayer: 0
  m_SortingOrder: 0
--- !u!65 &7534712808174206572
BoxCollider:
  m_ObjectHideFlags: 0
  m_CorrespondingSourceObject: {fileID: 0}
  m_PrefabInstance: {fileID: 0}
  m_PrefabAsset: {fileID: 0}
  m_GameObject: {fileID: 7534712808174206574}
  m_Material: {fileID: 0}
  m_IsTrigger: 1
  m_Enabled: 1
  serializedVersion: 2
  m_Size: {x: 1, y: 1, z: 1}
  m_Center: {x: 0, y: 0, z: 0}
--- !u!114 &2051980706
MonoBehaviour:
  m_ObjectHideFlags: 0
  m_CorrespondingSourceObject: {fileID: 0}
  m_PrefabInstance: {fileID: 0}
  m_PrefabAsset: {fileID: 0}
  m_GameObject: {fileID: 7534712808174206574}
  m_Enabled: 1
  m_EditorHideFlags: 0
  m_Script: {fileID: 11500000, guid: 058cf17054215c245a74a71056959160, type: 3}
  m_Name: 
  m_EditorClassIdentifier: 
  Damage: 670
  Resist: 0
  cha: {fileID: 0}
  player: {fileID: 0}
--- !u!1 &7729067952375731946
GameObject:
  m_ObjectHideFlags: 0
  m_CorrespondingSourceObject: {fileID: 0}
  m_PrefabInstance: {fileID: 0}
  m_PrefabAsset: {fileID: 0}
  serializedVersion: 6
  m_Component:
  - component: {fileID: 3282888261816509443}
  m_Layer: 0
  m_Name: Arm_L_03_TRx
  m_TagString: Untagged
  m_Icon: {fileID: 0}
  m_NavMeshLayer: 0
  m_StaticEditorFlags: 0
  m_IsActive: 1
--- !u!4 &3282888261816509443
Transform:
  m_ObjectHideFlags: 0
  m_CorrespondingSourceObject: {fileID: 0}
  m_PrefabInstance: {fileID: 0}
  m_PrefabAsset: {fileID: 0}
  m_GameObject: {fileID: 7729067952375731946}
  m_LocalRotation: {x: -0.4243088, y: 0.26757443, z: 0.044380616, w: 0.8639423}
  m_LocalPosition: {x: -0.0075999997, y: 0, z: 0}
  m_LocalScale: {x: 1, y: 1, z: 1}
  m_Children:
  - {fileID: 4839851804212720670}
  m_Father: {fileID: 7059048552650781989}
  m_RootOrder: 0
  m_LocalEulerAnglesHint: {x: 51.218643, y: 69.287415, z: 26.450256}
--- !u!1 &8507156391017798641
GameObject:
  m_ObjectHideFlags: 0
  m_CorrespondingSourceObject: {fileID: 0}
  m_PrefabInstance: {fileID: 0}
  m_PrefabAsset: {fileID: 0}
  serializedVersion: 6
  m_Component:
  - component: {fileID: 3607552739579526136}
  m_Layer: 0
  m_Name: Hip_02_TRS
  m_TagString: Untagged
  m_Icon: {fileID: 0}
  m_NavMeshLayer: 0
  m_StaticEditorFlags: 0
  m_IsActive: 1
--- !u!4 &3607552739579526136
Transform:
  m_ObjectHideFlags: 0
  m_CorrespondingSourceObject: {fileID: 0}
  m_PrefabInstance: {fileID: 0}
  m_PrefabAsset: {fileID: 0}
  m_GameObject: {fileID: 8507156391017798641}
  m_LocalRotation: {x: -0.0000005, y: 0, z: -0, w: 1}
  m_LocalPosition: {x: 0.000000024399998, y: 0.006434845, z: -0.00031892696}
  m_LocalScale: {x: 1, y: 1, z: 1}
  m_Children: []
  m_Father: {fileID: 1154984751819916032}
  m_RootOrder: 2
  m_LocalEulerAnglesHint: {x: -0.000057295776, y: 0, z: 0}
--- !u!1 &8584903327365837859
GameObject:
  m_ObjectHideFlags: 0
  m_CorrespondingSourceObject: {fileID: 0}
  m_PrefabInstance: {fileID: 0}
  m_PrefabAsset: {fileID: 0}
  serializedVersion: 6
  m_Component:
  - component: {fileID: 770203898552349035}
  m_Layer: 0
  m_Name: col_01
  m_TagString: Untagged
  m_Icon: {fileID: 0}
  m_NavMeshLayer: 0
  m_StaticEditorFlags: 0
  m_IsActive: 1
--- !u!4 &770203898552349035
Transform:
  m_ObjectHideFlags: 0
  m_CorrespondingSourceObject: {fileID: 0}
  m_PrefabInstance: {fileID: 0}
  m_PrefabAsset: {fileID: 0}
  m_GameObject: {fileID: 8584903327365837859}
  m_LocalRotation: {x: 0, y: -0, z: -0, w: 1}
  m_LocalPosition: {x: -1.609008e-10, y: 0.0001, z: -0.0094}
  m_LocalScale: {x: 1, y: 1, z: 1}
  m_Children: []
  m_Father: {fileID: 9102876220029062950}
  m_RootOrder: 2
  m_LocalEulerAnglesHint: {x: 0, y: 0, z: 0}
--- !u!1 &8805655629219990533
GameObject:
  m_ObjectHideFlags: 0
  m_CorrespondingSourceObject: {fileID: 0}
  m_PrefabInstance: {fileID: 0}
  m_PrefabAsset: {fileID: 0}
  serializedVersion: 6
  m_Component:
  - component: {fileID: 8384436447368975572}
  m_Layer: 0
  m_Name: Arm_R_02_TRx
  m_TagString: Untagged
  m_Icon: {fileID: 0}
  m_NavMeshLayer: 0
  m_StaticEditorFlags: 0
  m_IsActive: 1
--- !u!4 &8384436447368975572
Transform:
  m_ObjectHideFlags: 0
  m_CorrespondingSourceObject: {fileID: 0}
  m_PrefabInstance: {fileID: 0}
  m_PrefabAsset: {fileID: 0}
  m_GameObject: {fileID: 8805655629219990533}
  m_LocalRotation: {x: 0.0000000013956543, y: 0.043619446, z: -6.0935666e-11, w: 0.99904823}
  m_LocalPosition: {x: -0.0017, y: 0, z: -0.00019999997}
  m_LocalScale: {x: 1, y: 1, z: 1}
  m_Children:
  - {fileID: 5602842129677069191}
  m_Father: {fileID: 384772212963757202}
  m_RootOrder: 0
  m_LocalEulerAnglesHint: {x: 0.00000016008255, y: 5.000006, z: -7.9513863e-16}
--- !u!1 &8864210863063272788
GameObject:
  m_ObjectHideFlags: 0
  m_CorrespondingSourceObject: {fileID: 0}
  m_PrefabInstance: {fileID: 0}
  m_PrefabAsset: {fileID: 0}
  serializedVersion: 6
  m_Component:
  - component: {fileID: 1299489575852586507}
  m_Layer: 0
  m_Name: center
  m_TagString: Untagged
  m_Icon: {fileID: 0}
  m_NavMeshLayer: 0
  m_StaticEditorFlags: 0
  m_IsActive: 1
--- !u!4 &1299489575852586507
Transform:
  m_ObjectHideFlags: 0
  m_CorrespondingSourceObject: {fileID: 0}
  m_PrefabInstance: {fileID: 0}
  m_PrefabAsset: {fileID: 0}
  m_GameObject: {fileID: 8864210863063272788}
  m_LocalRotation: {x: -0.7071068, y: 0, z: 0, w: 0.7071067}
  m_LocalPosition: {x: -0, y: 0, z: 0}
  m_LocalScale: {x: 1, y: 1, z: 1}
  m_Children:
  - {fileID: 1492591916606430034}
  - {fileID: 1154984751819916032}
  m_Father: {fileID: 3308485112589639522}
  m_RootOrder: 0
  m_LocalEulerAnglesHint: {x: 0, y: 0, z: 0}
