%YAML 1.1
%TAG !u! tag:unity3d.com,2011:
--- !u!1 &5107306782492721106
GameObject:
  m_ObjectHideFlags: 0
  m_CorrespondingSourceObject: {fileID: 0}
  m_PrefabInstance: {fileID: 0}
  m_PrefabAsset: {fileID: 0}
  serializedVersion: 6
  m_Component:
  - component: {fileID: 5107306782492721107}
  m_Layer: 11
  m_Name: Arm_L_05_TRx
  m_TagString: Untagged
  m_Icon: {fileID: 0}
  m_NavMeshLayer: 0
  m_StaticEditorFlags: 0
  m_IsActive: 1
--- !u!4 &5107306782492721107
Transform:
  m_ObjectHideFlags: 0
  m_CorrespondingSourceObject: {fileID: 0}
  m_PrefabInstance: {fileID: 0}
  m_PrefabAsset: {fileID: 0}
  m_GameObject: {fileID: 5107306782492721106}
  m_LocalRotation: {x: 0.19059648, y: -0.2272335, z: 0.26223007, w: 0.9182992}
  m_LocalPosition: {x: -0.0005899997, y: -7.6328927e-10, z: -0.0050399993}
  m_LocalScale: {x: 1, y: 1, z: 1}
  m_Children:
  - {fileID: 5107306782509068941}
  m_Father: {fileID: 5107306783281389056}
  m_RootOrder: 0
  m_LocalEulerAnglesHint: {x: 0.0058054924, y: 0.016671479, z: 89.90669}
--- !u!1 &5107306782509068940
GameObject:
  m_ObjectHideFlags: 0
  m_CorrespondingSourceObject: {fileID: 0}
  m_PrefabInstance: {fileID: 0}
  m_PrefabAsset: {fileID: 0}
  serializedVersion: 6
  m_Component:
  - component: {fileID: 5107306782509068941}
  m_Layer: 11
  m_Name: shw_eff_01
  m_TagString: Untagged
  m_Icon: {fileID: 0}
  m_NavMeshLayer: 0
  m_StaticEditorFlags: 0
  m_IsActive: 1
--- !u!4 &5107306782509068941
Transform:
  m_ObjectHideFlags: 0
  m_CorrespondingSourceObject: {fileID: 0}
  m_PrefabInstance: {fileID: 0}
  m_PrefabAsset: {fileID: 0}
  m_GameObject: {fileID: 5107306782509068940}
  m_LocalRotation: {x: 1, y: 0.00000023841858, z: 3.1747354e-14, w: 0.00000013315805}
  m_LocalPosition: {x: 0.00015419006, y: -0.0027289744, z: -0.026851768}
  m_LocalScale: {x: 1, y: 1, z: 1}
  m_Children: []
  m_Father: {fileID: 5107306782492721107}
  m_RootOrder: 0
  m_LocalEulerAnglesHint: {x: 5.7529648e-15, y: 180, z: 179.99997}
--- !u!1 &5107306782696759589
GameObject:
  m_ObjectHideFlags: 0
  m_CorrespondingSourceObject: {fileID: 0}
  m_PrefabInstance: {fileID: 0}
  m_PrefabAsset: {fileID: 0}
  serializedVersion: 6
  m_Component:
  - component: {fileID: 5107306782696759590}
  m_Layer: 11
  m_Name: Arm_L_02_TRx
  m_TagString: Untagged
  m_Icon: {fileID: 0}
  m_NavMeshLayer: 0
  m_StaticEditorFlags: 0
  m_IsActive: 1
--- !u!4 &5107306782696759590
Transform:
  m_ObjectHideFlags: 0
  m_CorrespondingSourceObject: {fileID: 0}
  m_PrefabInstance: {fileID: 0}
  m_PrefabAsset: {fileID: 0}
  m_GameObject: {fileID: 5107306782696759589}
  m_LocalRotation: {x: -0.06656921, y: 0.30296898, z: 0.008001206, w: 0.9506389}
  m_LocalPosition: {x: -0.00315, y: -0.000000048446655, z: 0}
  m_LocalScale: {x: 1, y: 1, z: 1}
  m_Children:
  - {fileID: 5107306784022947841}
  m_Father: {fileID: 5107306783325547547}
  m_RootOrder: 0
  m_LocalEulerAnglesHint: {x: -33.469257, y: 50.189888, z: 11.316578}
--- !u!1 &5107306782891503298
GameObject:
  m_ObjectHideFlags: 0
  m_CorrespondingSourceObject: {fileID: 0}
  m_PrefabInstance: {fileID: 0}
  m_PrefabAsset: {fileID: 0}
  serializedVersion: 6
  m_Component:
  - component: {fileID: 5107306782891503299}
  m_Layer: 11
  m_Name: shw_eff_03
  m_TagString: Untagged
  m_Icon: {fileID: 0}
  m_NavMeshLayer: 0
  m_StaticEditorFlags: 0
  m_IsActive: 1
--- !u!4 &5107306782891503299
Transform:
  m_ObjectHideFlags: 0
  m_CorrespondingSourceObject: {fileID: 0}
  m_PrefabInstance: {fileID: 0}
  m_PrefabAsset: {fileID: 0}
  m_GameObject: {fileID: 5107306782891503298}
  m_LocalRotation: {x: 1, y: 0.00000023841858, z: 0.000000014901193, w: 0.00000013315805}
  m_LocalPosition: {x: 0.0009300007, y: 0.00221, z: -0.0061499984}
  m_LocalScale: {x: 1, y: 1, z: 1}
  m_Children: []
  m_Father: {fileID: 5107306783207705663}
  m_RootOrder: 1
  m_LocalEulerAnglesHint: {x: -6.6182357e-13, y: 180, z: 179.99997}
--- !u!1 &5107306782988550071
GameObject:
  m_ObjectHideFlags: 0
  m_CorrespondingSourceObject: {fileID: 0}
  m_PrefabInstance: {fileID: 0}
  m_PrefabAsset: {fileID: 0}
  serializedVersion: 6
  m_Component:
  - component: {fileID: 5107306782988550056}
  m_Layer: 11
  m_Name: Leg_L_01_xRx
  m_TagString: Untagged
  m_Icon: {fileID: 0}
  m_NavMeshLayer: 0
  m_StaticEditorFlags: 0
  m_IsActive: 1
--- !u!4 &5107306782988550056
Transform:
  m_ObjectHideFlags: 0
  m_CorrespondingSourceObject: {fileID: 0}
  m_PrefabInstance: {fileID: 0}
  m_PrefabAsset: {fileID: 0}
  m_GameObject: {fileID: 5107306782988550071}
  m_LocalRotation: {x: 0.21224794, y: 0.08416866, z: -0.2094802, w: 0.950781}
  m_LocalPosition: {x: -0.0021, y: 0, z: -0.0014699998}
  m_LocalScale: {x: 1, y: 1, z: 1}
  m_Children:
  - {fileID: 5107306783381740474}
  m_Father: {fileID: 5107306783155266430}
  m_RootOrder: 1
  m_LocalEulerAnglesHint: {x: -5.373091, y: 32.817547, z: -18.618076}
--- !u!1 &5107306783031903421
GameObject:
  m_ObjectHideFlags: 0
  m_CorrespondingSourceObject: {fileID: 0}
  m_PrefabInstance: {fileID: 0}
  m_PrefabAsset: {fileID: 0}
  serializedVersion: 6
  m_Component:
  - component: {fileID: 5107306783031903422}
  m_Layer: 11
  m_Name: Arm_L_11_TRx
  m_TagString: Untagged
  m_Icon: {fileID: 0}
  m_NavMeshLayer: 0
  m_StaticEditorFlags: 0
  m_IsActive: 1
--- !u!4 &5107306783031903422
Transform:
  m_ObjectHideFlags: 0
  m_CorrespondingSourceObject: {fileID: 0}
  m_PrefabInstance: {fileID: 0}
  m_PrefabAsset: {fileID: 0}
  m_GameObject: {fileID: 5107306783031903421}
  m_LocalRotation: {x: 0, y: -0, z: -0, w: 1}
  m_LocalPosition: {x: -0.0044699996, y: -0.0022100008, z: -0.0008999999}
  m_LocalScale: {x: 1, y: 1, z: 1}
  m_Children: []
  m_Father: {fileID: 5107306783474396897}
  m_RootOrder: 1
  m_LocalEulerAnglesHint: {x: 0, y: 0, z: 0}
--- !u!1 &5107306783155266429
GameObject:
  m_ObjectHideFlags: 0
  m_CorrespondingSourceObject: {fileID: 0}
  m_PrefabInstance: {fileID: 0}
  m_PrefabAsset: {fileID: 0}
  serializedVersion: 6
  m_Component:
  - component: {fileID: 5107306783155266430}
  m_Layer: 11
  m_Name: Hip_01_TRx
  m_TagString: Untagged
  m_Icon: {fileID: 0}
  m_NavMeshLayer: 0
  m_StaticEditorFlags: 0
  m_IsActive: 1
--- !u!4 &5107306783155266430
Transform:
  m_ObjectHideFlags: 0
  m_CorrespondingSourceObject: {fileID: 0}
  m_PrefabInstance: {fileID: 0}
  m_PrefabAsset: {fileID: 0}
  m_GameObject: {fileID: 5107306783155266429}
  m_LocalRotation: {x: 0.084909424, y: 0.029243497, z: 0.084909365, w: 0.9923334}
  m_LocalPosition: {x: -0, y: 8.389632e-11, z: -0.001919324}
  m_LocalScale: {x: 1, y: 1, z: 1}
  m_Children:
  - {fileID: 5107306784206536314}
  - {fileID: 5107306782988550056}
  - {fileID: 5107306784471446094}
  m_Father: {fileID: 5107306784234640211}
  m_RootOrder: 1
  m_LocalEulerAnglesHint: {x: 15.398548, y: -8.397742, z: -36.918095}
--- !u!1 &5107306783207705662
GameObject:
  m_ObjectHideFlags: 0
  m_CorrespondingSourceObject: {fileID: 0}
  m_PrefabInstance: {fileID: 0}
  m_PrefabAsset: {fileID: 0}
  serializedVersion: 6
  m_Component:
  - component: {fileID: 5107306783207705663}
  m_Layer: 11
  m_Name: Arm_R_05_TRx
  m_TagString: Untagged
  m_Icon: {fileID: 0}
  m_NavMeshLayer: 0
  m_StaticEditorFlags: 0
  m_IsActive: 1
--- !u!4 &5107306783207705663
Transform:
  m_ObjectHideFlags: 0
  m_CorrespondingSourceObject: {fileID: 0}
  m_PrefabInstance: {fileID: 0}
  m_PrefabAsset: {fileID: 0}
  m_GameObject: {fileID: 5107306783207705662}
  m_LocalRotation: {x: 0.06670558, y: -0.010780449, z: -0.279888, w: 0.9576518}
  m_LocalPosition: {x: 0.0005899997, y: -7.625898e-10, z: -0.0050399993}
  m_LocalScale: {x: 1, y: 1, z: 1}
  m_Children:
  - {fileID: 5107306783401804855}
  - {fileID: 5107306782891503299}
  m_Father: {fileID: 5107306783737018291}
  m_RootOrder: 0
  m_LocalEulerAnglesHint: {x: 9.94158, y: -11.097918, z: -34.995533}
--- !u!1 &5107306783272182933
GameObject:
  m_ObjectHideFlags: 0
  m_CorrespondingSourceObject: {fileID: 0}
  m_PrefabInstance: {fileID: 0}
  m_PrefabAsset: {fileID: 0}
  serializedVersion: 6
  m_Component:
  - component: {fileID: 5107306783272182934}
  m_Layer: 11
  m_Name: Arm_R_03_xRx
  m_TagString: Untagged
  m_Icon: {fileID: 0}
  m_NavMeshLayer: 0
  m_StaticEditorFlags: 0
  m_IsActive: 1
--- !u!4 &5107306783272182934
Transform:
  m_ObjectHideFlags: 0
  m_CorrespondingSourceObject: {fileID: 0}
  m_PrefabInstance: {fileID: 0}
  m_PrefabAsset: {fileID: 0}
  m_GameObject: {fileID: 5107306783272182933}
  m_LocalRotation: {x: 0, y: 0, z: 0.5, w: 0.8660254}
  m_LocalPosition: {x: 0.00005, y: 0.00000004863739, z: -0.0016099993}
  m_LocalScale: {x: 1, y: 1, z: 1}
  m_Children:
  - {fileID: 5107306783737018291}
  m_Father: {fileID: 5107306784473783620}
  m_RootOrder: 0
  m_LocalEulerAnglesHint: {x: -7.4581275, y: -1.3999206, z: 22.230518}
--- !u!1 &5107306783281389071
GameObject:
  m_ObjectHideFlags: 0
  m_CorrespondingSourceObject: {fileID: 0}
  m_PrefabInstance: {fileID: 0}
  m_PrefabAsset: {fileID: 0}
  serializedVersion: 6
  m_Component:
  - component: {fileID: 5107306783281389056}
  m_Layer: 11
  m_Name: Arm_L_04_xRx
  m_TagString: Untagged
  m_Icon: {fileID: 0}
  m_NavMeshLayer: 0
  m_StaticEditorFlags: 0
  m_IsActive: 1
--- !u!4 &5107306783281389056
Transform:
  m_ObjectHideFlags: 0
  m_CorrespondingSourceObject: {fileID: 0}
  m_PrefabInstance: {fileID: 0}
  m_PrefabAsset: {fileID: 0}
  m_GameObject: {fileID: 5107306783281389071}
  m_LocalRotation: {x: -5.663618e-18, y: -0.75183976, z: 5.663618e-18, w: 0.65934587}
  m_LocalPosition: {x: -0.0013199997, y: -0.0000000036239622, z: -0.0047500003}
  m_LocalScale: {x: 1, y: 1, z: 1}
  m_Children:
  - {fileID: 5107306782492721107}
  m_Father: {fileID: 5107306784022947841}
  m_RootOrder: 0
  m_LocalEulerAnglesHint: {x: 7.8197685e-19, y: -87.99843, z: 1.1930565e-17}
--- !u!1 &5107306783291824509
GameObject:
  m_ObjectHideFlags: 0
  m_CorrespondingSourceObject: {fileID: 0}
  m_PrefabInstance: {fileID: 0}
  m_PrefabAsset: {fileID: 0}
  serializedVersion: 6
  m_Component:
  - component: {fileID: 5107306783291824510}
  m_Layer: 11
  m_Name: loc_01
  m_TagString: Untagged
  m_Icon: {fileID: 0}
  m_NavMeshLayer: 0
  m_StaticEditorFlags: 0
  m_IsActive: 1
--- !u!4 &5107306783291824510
Transform:
  m_ObjectHideFlags: 0
  m_CorrespondingSourceObject: {fileID: 0}
  m_PrefabInstance: {fileID: 0}
  m_PrefabAsset: {fileID: 0}
  m_GameObject: {fileID: 5107306783291824509}
  m_LocalRotation: {x: 0, y: -0, z: -0, w: 1}
  m_LocalPosition: {x: -1.609008e-10, y: 0.00011032738, z: -0.0025583287}
  m_LocalScale: {x: 1, y: 1, z: 1}
  m_Children: []
  m_Father: {fileID: 5107306783474396897}
  m_RootOrder: 10
  m_LocalEulerAnglesHint: {x: 0, y: 0, z: 0}
--- !u!1 &5107306783325547546
GameObject:
  m_ObjectHideFlags: 0
  m_CorrespondingSourceObject: {fileID: 0}
  m_PrefabInstance: {fileID: 0}
  m_PrefabAsset: {fileID: 0}
  serializedVersion: 6
  m_Component:
  - component: {fileID: 5107306783325547547}
  m_Layer: 11
  m_Name: Arm_L_01_TRx
  m_TagString: Untagged
  m_Icon: {fileID: 0}
  m_NavMeshLayer: 0
  m_StaticEditorFlags: 0
  m_IsActive: 1
--- !u!4 &5107306783325547547
Transform:
  m_ObjectHideFlags: 0
  m_CorrespondingSourceObject: {fileID: 0}
  m_PrefabInstance: {fileID: 0}
  m_PrefabAsset: {fileID: 0}
  m_GameObject: {fileID: 5107306783325547546}
  m_LocalRotation: {x: 0, y: -0, z: -0.1305262, w: 0.9914449}
  m_LocalPosition: {x: -0.0011499996, y: -0.0023, z: -0.0010200001}
  m_LocalScale: {x: 1, y: 1, z: 1}
  m_Children:
  - {fileID: 5107306782696759590}
  m_Father: {fileID: 5107306783474396897}
  m_RootOrder: 0
  m_LocalEulerAnglesHint: {x: 0, y: 0, z: -25.058002}
--- !u!1 &5107306783368567106
GameObject:
  m_ObjectHideFlags: 0
  m_CorrespondingSourceObject: {fileID: 0}
  m_PrefabInstance: {fileID: 0}
  m_PrefabAsset: {fileID: 0}
  serializedVersion: 6
  m_Component:
  - component: {fileID: 5107306783368567107}
  m_Layer: 11
  m_Name: Body_05_TRS
  m_TagString: Untagged
  m_Icon: {fileID: 0}
  m_NavMeshLayer: 0
  m_StaticEditorFlags: 0
  m_IsActive: 1
--- !u!4 &5107306783368567107
Transform:
  m_ObjectHideFlags: 0
  m_CorrespondingSourceObject: {fileID: 0}
  m_PrefabInstance: {fileID: 0}
  m_PrefabAsset: {fileID: 0}
  m_GameObject: {fileID: 5107306783368567106}
  m_LocalRotation: {x: 0, y: -0, z: -0, w: 1}
  m_LocalPosition: {x: 0.002799999, y: 0.00358, z: -0.0015400009}
  m_LocalScale: {x: 1, y: 1, z: 1}
  m_Children: []
  m_Father: {fileID: 5107306783474396897}
  m_RootOrder: 6
  m_LocalEulerAnglesHint: {x: 0, y: 0, z: 0}
--- !u!1 &5107306783369382646
GameObject:
  m_ObjectHideFlags: 0
  m_CorrespondingSourceObject: {fileID: 0}
  m_PrefabInstance: {fileID: 0}
  m_PrefabAsset: {fileID: 0}
  serializedVersion: 6
  m_Component:
  - component: {fileID: 5107306783369382633}
  - component: {fileID: 5107306783369382632}
  - component: {fileID: 5107306783369382634}
  - component: {fileID: 5107306783369382635}
  - component: {fileID: 2211205123355207297}
  - component: {fileID: 2103961205}
  - component: {fileID: -6840312550742906556}
  m_Layer: 11
  m_Name: sniper
  m_TagString: enemy
  m_Icon: {fileID: 0}
  m_NavMeshLayer: 0
  m_StaticEditorFlags: 0
  m_IsActive: 1
--- !u!4 &5107306783369382633
Transform:
  m_ObjectHideFlags: 0
  m_CorrespondingSourceObject: {fileID: 0}
  m_PrefabInstance: {fileID: 0}
  m_PrefabAsset: {fileID: 0}
  m_GameObject: {fileID: 5107306783369382646}
  m_LocalRotation: {x: 0, y: 0, z: 0, w: 1}
  m_LocalPosition: {x: 4.5930657, y: 1.4330096, z: 4.60713}
  m_LocalScale: {x: 80, y: 80, z: 80}
  m_Children:
  - {fileID: 5107306784234640211}
  - {fileID: 5107306784145488303}
  m_Father: {fileID: 0}
  m_RootOrder: 0
  m_LocalEulerAnglesHint: {x: 0, y: 0, z: 0}
--- !u!136 &5107306783369382632
CapsuleCollider:
  m_ObjectHideFlags: 0
  m_CorrespondingSourceObject: {fileID: 0}
  m_PrefabInstance: {fileID: 0}
  m_PrefabAsset: {fileID: 0}
  m_GameObject: {fileID: 5107306783369382646}
  m_Material: {fileID: 0}
  m_IsTrigger: 1
  m_Enabled: 1
  m_Radius: 0.01
  m_Height: 0.03
  m_Direction: 1
  m_Center: {x: 0, y: 0, z: 0}
--- !u!95 &5107306783369382634
Animator:
  serializedVersion: 3
  m_ObjectHideFlags: 0
  m_CorrespondingSourceObject: {fileID: 0}
  m_PrefabInstance: {fileID: 0}
  m_PrefabAsset: {fileID: 0}
  m_GameObject: {fileID: 5107306783369382646}
  m_Enabled: 1
  m_Avatar: {fileID: 0}
  m_Controller: {fileID: 9100000, guid: c3a921954b1ff1443bc9e22e2062bf07, type: 2}
  m_CullingMode: 0
  m_UpdateMode: 0
  m_ApplyRootMotion: 0
  m_LinearVelocityBlending: 0
  m_WarningMessage: 
  m_HasTransformHierarchy: 1
  m_AllowConstantClipSamplingOptimization: 1
  m_KeepAnimatorControllerStateOnDisable: 0
--- !u!54 &5107306783369382635
Rigidbody:
  m_ObjectHideFlags: 0
  m_CorrespondingSourceObject: {fileID: 0}
  m_PrefabInstance: {fileID: 0}
  m_PrefabAsset: {fileID: 0}
  m_GameObject: {fileID: 5107306783369382646}
  serializedVersion: 2
  m_Mass: 1
  m_Drag: 0
  m_AngularDrag: 0.05
  m_UseGravity: 0
  m_IsKinematic: 1
  m_Interpolate: 0
  m_Constraints: 0
  m_CollisionDetection: 0
--- !u!114 &2211205123355207297
MonoBehaviour:
  m_ObjectHideFlags: 0
  m_CorrespondingSourceObject: {fileID: 0}
  m_PrefabInstance: {fileID: 0}
  m_PrefabAsset: {fileID: 0}
  m_GameObject: {fileID: 5107306783369382646}
  m_Enabled: 1
  m_EditorHideFlags: 0
  m_Script: {fileID: 11500000, guid: f4b41a2ec6e3c884694a72cf29079bc7, type: 3}
  m_Name: 
  m_EditorClassIdentifier: 
  target: {fileID: 0}
  r: 0
  rotspeed: 0.2
  bullet: {fileID: 1170480630469472, guid: b348c70b70beb3849acc7a74e175bd99, type: 3}
  Timer: 0
  gun: {fileID: 5107306784145488302}
  bomb: {fileID: 1823173409967616, guid: ede7bed0fa02d104e8c38da0f2ac0181, type: 3}
  bombtime: 0
  hurt: {fileID: 8300000, guid: 0fc8936ede4d4c94cbc04ad25b442ebf, type: 3}
  exp: {fileID: 1828176872806910, guid: 64891a0eb28db934898420d80ca07cb3, type: 3}
--- !u!114 &2103961205
MonoBehaviour:
  m_ObjectHideFlags: 0
  m_CorrespondingSourceObject: {fileID: 0}
  m_PrefabInstance: {fileID: 0}
  m_PrefabAsset: {fileID: 0}
  m_GameObject: {fileID: 5107306783369382646}
  m_Enabled: 1
  m_EditorHideFlags: 0
  m_Script: {fileID: 11500000, guid: 63fc503a5d2cc524dad1c02d15e3d7c1, type: 3}
  m_Name: 
  m_EditorClassIdentifier: 
  maxhp: 60000
  hp: 0
--- !u!82 &-6840312550742906556
AudioSource:
  m_ObjectHideFlags: 0
  m_CorrespondingSourceObject: {fileID: 0}
  m_PrefabInstance: {fileID: 0}
  m_PrefabAsset: {fileID: 0}
  m_GameObject: {fileID: 5107306783369382646}
  m_Enabled: 1
  serializedVersion: 4
  OutputAudioMixerGroup: {fileID: 0}
  m_audioClip: {fileID: 0}
  m_PlayOnAwake: 1
  m_Volume: 1
  m_Pitch: 1
  Loop: 0
  Mute: 0
  Spatialize: 0
  SpatializePostEffects: 0
  Priority: 128
  DopplerLevel: 1
  MinDistance: 1
  MaxDistance: 500
  Pan2D: 0
  rolloffMode: 0
  BypassEffects: 0
  BypassListenerEffects: 0
  BypassReverbZones: 0
  rolloffCustomCurve:
    serializedVersion: 2
    m_Curve:
    - serializedVersion: 3
      time: 0
      value: 1
      inSlope: 0
      outSlope: 0
      tangentMode: 0
      weightedMode: 0
      inWeight: 0.33333334
      outWeight: 0.33333334
    - serializedVersion: 3
      time: 1
      value: 0
      inSlope: 0
      outSlope: 0
      tangentMode: 0
      weightedMode: 0
      inWeight: 0.33333334
      outWeight: 0.33333334
    m_PreInfinity: 2
    m_PostInfinity: 2
    m_RotationOrder: 4
  panLevelCustomCurve:
    serializedVersion: 2
    m_Curve:
    - serializedVersion: 3
      time: 0
      value: 0.55
      inSlope: 0
      outSlope: 0
      tangentMode: 0
      weightedMode: 0
      inWeight: 0.33333334
      outWeight: 0.33333334
    m_PreInfinity: 2
    m_PostInfinity: 2
    m_RotationOrder: 4
  spreadCustomCurve:
    serializedVersion: 2
    m_Curve:
    - serializedVersion: 3
      time: 0
      value: 0
      inSlope: 0
      outSlope: 0
      tangentMode: 0
      weightedMode: 0
      inWeight: 0.33333334
      outWeight: 0.33333334
    m_PreInfinity: 2
    m_PostInfinity: 2
    m_RotationOrder: 4
  reverbZoneMixCustomCurve:
    serializedVersion: 2
    m_Curve:
    - serializedVersion: 3
      time: 0
      value: 1
      inSlope: 0
      outSlope: 0
      tangentMode: 0
      weightedMode: 0
      inWeight: 0.33333334
      outWeight: 0.33333334
    m_PreInfinity: 2
    m_PostInfinity: 2
    m_RotationOrder: 4
--- !u!1 &5107306783381740473
GameObject:
  m_ObjectHideFlags: 0
  m_CorrespondingSourceObject: {fileID: 0}
  m_PrefabInstance: {fileID: 0}
  m_PrefabAsset: {fileID: 0}
  serializedVersion: 6
  m_Component:
  - component: {fileID: 5107306783381740474}
  m_Layer: 11
  m_Name: Leg_L_02_xRx
  m_TagString: Untagged
  m_Icon: {fileID: 0}
  m_NavMeshLayer: 0
  m_StaticEditorFlags: 0
  m_IsActive: 1
--- !u!4 &5107306783381740474
Transform:
  m_ObjectHideFlags: 0
  m_CorrespondingSourceObject: {fileID: 0}
  m_PrefabInstance: {fileID: 0}
  m_PrefabAsset: {fileID: 0}
  m_GameObject: {fileID: 5107306783381740473}
  m_LocalRotation: {x: -0.2164396, y: 0, z: -0, w: 0.976296}
  m_LocalPosition: {x: -0.0010488712, y: 0.00010999999, z: -0.0061999997}
  m_LocalScale: {x: 1, y: 1, z: 1}
  m_Children: []
  m_Father: {fileID: 5107306782988550056}
  m_RootOrder: 0
  m_LocalEulerAnglesHint: {x: -2.9608288, y: 0, z: 0}
--- !u!1 &5107306783401804854
GameObject:
  m_ObjectHideFlags: 0
  m_CorrespondingSourceObject: {fileID: 0}
  m_PrefabInstance: {fileID: 0}
  m_PrefabAsset: {fileID: 0}
  serializedVersion: 6
  m_Component:
  - component: {fileID: 5107306783401804855}
  m_Layer: 11
  m_Name: shw_eff_02
  m_TagString: Untagged
  m_Icon: {fileID: 0}
  m_NavMeshLayer: 0
  m_StaticEditorFlags: 0
  m_IsActive: 1
--- !u!4 &5107306783401804855
Transform:
  m_ObjectHideFlags: 0
  m_CorrespondingSourceObject: {fileID: 0}
  m_PrefabInstance: {fileID: 0}
  m_PrefabAsset: {fileID: 0}
  m_GameObject: {fileID: 5107306783401804854}
  m_LocalRotation: {x: 1, y: 0.00000023841858, z: 0.000000014901193, w: 0.00000013315805}
  m_LocalPosition: {x: 0.0009300007, y: -0.0022400005, z: -0.0061500007}
  m_LocalScale: {x: 1, y: 1, z: 1}
  m_Children: []
  m_Father: {fileID: 5107306783207705663}
  m_RootOrder: 0
  m_LocalEulerAnglesHint: {x: -6.6182357e-13, y: 180, z: 179.99997}
--- !u!1 &5107306783419714431
GameObject:
  m_ObjectHideFlags: 0
  m_CorrespondingSourceObject: {fileID: 0}
  m_PrefabInstance: {fileID: 0}
  m_PrefabAsset: {fileID: 0}
  serializedVersion: 6
  m_Component:
  - component: {fileID: 5107306783419714416}
  m_Layer: 11
  m_Name: Leg_R_02_xRx
  m_TagString: Untagged
  m_Icon: {fileID: 0}
  m_NavMeshLayer: 0
  m_StaticEditorFlags: 0
  m_IsActive: 1
--- !u!4 &5107306783419714416
Transform:
  m_ObjectHideFlags: 0
  m_CorrespondingSourceObject: {fileID: 0}
  m_PrefabInstance: {fileID: 0}
  m_PrefabAsset: {fileID: 0}
  m_GameObject: {fileID: 5107306783419714431}
  m_LocalRotation: {x: 0.36243808, y: -0, z: -0, w: 0.93200785}
  m_LocalPosition: {x: 0.0010500003, y: 0.00010999999, z: -0.0061999997}
  m_LocalScale: {x: 1, y: 1, z: 1}
  m_Children: []
  m_Father: {fileID: 5107306784471446094}
  m_RootOrder: 0
  m_LocalEulerAnglesHint: {x: -56.881687, y: -0.029866688, z: 0.04077124}
--- !u!1 &5107306783450414183
GameObject:
  m_ObjectHideFlags: 0
  m_CorrespondingSourceObject: {fileID: 0}
  m_PrefabInstance: {fileID: 0}
  m_PrefabAsset: {fileID: 0}
  serializedVersion: 6
  m_Component:
  - component: {fileID: 5107306783450414104}
  m_Layer: 11
  m_Name: col_01
  m_TagString: Untagged
  m_Icon: {fileID: 0}
  m_NavMeshLayer: 0
  m_StaticEditorFlags: 0
  m_IsActive: 1
--- !u!4 &5107306783450414104
Transform:
  m_ObjectHideFlags: 0
  m_CorrespondingSourceObject: {fileID: 0}
  m_PrefabInstance: {fileID: 0}
  m_PrefabAsset: {fileID: 0}
  m_GameObject: {fileID: 5107306783450414183}
  m_LocalRotation: {x: 0, y: -0, z: -0, w: 1}
  m_LocalPosition: {x: -1.609008e-10, y: 0.00010999999, z: -0.0035499998}
  m_LocalScale: {x: 1, y: 1, z: 1}
  m_Children: []
  m_Father: {fileID: 5107306783474396897}
  m_RootOrder: 7
  m_LocalEulerAnglesHint: {x: 0, y: 0, z: 0}
--- !u!1 &5107306783474396896
GameObject:
  m_ObjectHideFlags: 0
  m_CorrespondingSourceObject: {fileID: 0}
  m_PrefabInstance: {fileID: 0}
  m_PrefabAsset: {fileID: 0}
  serializedVersion: 6
  m_Component:
  - component: {fileID: 5107306783474396897}
  m_Layer: 11
  m_Name: Body_02_TRx
  m_TagString: Untagged
  m_Icon: {fileID: 0}
  m_NavMeshLayer: 0
  m_StaticEditorFlags: 0
  m_IsActive: 1
--- !u!4 &5107306783474396897
Transform:
  m_ObjectHideFlags: 0
  m_CorrespondingSourceObject: {fileID: 0}
  m_PrefabInstance: {fileID: 0}
  m_PrefabAsset: {fileID: 0}
  m_GameObject: {fileID: 5107306783474396896}
  m_LocalRotation: {x: -0.00000080387997, y: 0, z: -0, w: 1}
  m_LocalPosition: {x: -0, y: -0.00064000004, z: 0.00501}
  m_LocalScale: {x: 1, y: 1, z: 1}
  m_Children:
  - {fileID: 5107306783325547547}
  - {fileID: 5107306783031903422}
  - {fileID: 5107306784487423072}
  - {fileID: 5107306784497097670}
  - {fileID: 5107306784615763871}
  - {fileID: 5107306784578481705}
  - {fileID: 5107306783368567107}
  - {fileID: 5107306783450414104}
  - {fileID: 5107306784315992677}
  - {fileID: 5107306784282772972}
  - {fileID: 5107306783291824510}
  m_Father: {fileID: 5107306784206536314}
  m_RootOrder: 0
  m_LocalEulerAnglesHint: {x: -0.00009201607, y: 0, z: 0}
--- !u!1 &5107306783562109313
GameObject:
  m_ObjectHideFlags: 0
  m_CorrespondingSourceObject: {fileID: 0}
  m_PrefabInstance: {fileID: 0}
  m_PrefabAsset: {fileID: 0}
  serializedVersion: 6
  m_Component:
  - component: {fileID: 5107306783562109314}
  - component: {fileID: 5107306783562109315}
  m_Layer: 11
  m_Name: ene_mesh
  m_TagString: Untagged
  m_Icon: {fileID: 0}
  m_NavMeshLayer: 0
  m_StaticEditorFlags: 0
  m_IsActive: 1
--- !u!4 &5107306783562109314
Transform:
  m_ObjectHideFlags: 0
  m_CorrespondingSourceObject: {fileID: 0}
  m_PrefabInstance: {fileID: 0}
  m_PrefabAsset: {fileID: 0}
  m_GameObject: {fileID: 5107306783562109313}
  m_LocalRotation: {x: 0.000000059604645, y: 0, z: -0, w: 1}
  m_LocalPosition: {x: -0, y: 0, z: 0}
  m_LocalScale: {x: 1, y: 1, z: 1}
  m_Children: []
  m_Father: {fileID: 5107306784234640211}
  m_RootOrder: 0
  m_LocalEulerAnglesHint: {x: 0, y: 0, z: 0}
--- !u!137 &5107306783562109315
SkinnedMeshRenderer:
  m_ObjectHideFlags: 0
  m_CorrespondingSourceObject: {fileID: 0}
  m_PrefabInstance: {fileID: 0}
  m_PrefabAsset: {fileID: 0}
  m_GameObject: {fileID: 5107306783562109313}
  m_Enabled: 1
  m_CastShadows: 1
  m_ReceiveShadows: 1
  m_DynamicOccludee: 1
  m_MotionVectors: 1
  m_LightProbeUsage: 1
  m_ReflectionProbeUsage: 1
  m_RayTracingMode: 0
  m_RenderingLayerMask: 1
  m_RendererPriority: 0
  m_Materials:
  - {fileID: 2100000, guid: 521958ea4e0e1e14e81b1a6f00df4033, type: 2}
  m_StaticBatchInfo:
    firstSubMesh: 0
    subMeshCount: 0
  m_StaticBatchRoot: {fileID: 0}
  m_ProbeAnchor: {fileID: 0}
  m_LightProbeVolumeOverride: {fileID: 0}
  m_ScaleInLightmap: 1
  m_ReceiveGI: 1
  m_PreserveUVs: 0
  m_IgnoreNormalsForChartDetection: 0
  m_ImportantGI: 0
  m_StitchLightmapSeams: 1
  m_SelectedEditorRenderState: 3
  m_MinimumChartSize: 4
  m_AutoUVMaxDistance: 0.5
  m_AutoUVMaxAngle: 89
  m_LightmapParameters: {fileID: 0}
  m_SortingLayerID: 0
  m_SortingLayer: 0
  m_SortingOrder: 0
  serializedVersion: 2
  m_Quality: 0
  m_UpdateWhenOffscreen: 0
  m_SkinnedMotionVectors: 1
  m_Mesh: {fileID: 5351853177551844033, guid: c74d69be61b0ade479feb77f2c4d7b37, type: 3}
  m_Bones:
  - {fileID: 5107306782988550056}
  - {fileID: 5107306783155266430}
  - {fileID: 5107306784471446094}
  - {fileID: 5107306784206536314}
  - {fileID: 5107306784615763871}
  - {fileID: 5107306783474396897}
  - {fileID: 5107306784487423072}
  - {fileID: 5107306783325547547}
  - {fileID: 5107306784282772972}
  - {fileID: 5107306784473783620}
  - {fileID: 5107306782696759590}
  - {fileID: 5107306783368567107}
  - {fileID: 5107306784578481705}
  - {fileID: 5107306783031903422}
  - {fileID: 5107306784022947841}
  - {fileID: 5107306784497097670}
  - {fileID: 5107306783272182934}
  - {fileID: 5107306783381740474}
  - {fileID: 5107306783281389056}
  - {fileID: 5107306783737018291}
  - {fileID: 5107306783207705663}
  - {fileID: 5107306783419714416}
  - {fileID: 5107306782492721107}
  m_BlendShapeWeights: []
  m_RootBone: {fileID: 5107306783155266430}
  m_AABB:
    m_Center: {x: 0.0024735667, y: -0.0042655794, z: -0.0024790242}
    m_Extent: {x: 0.0181873, y: 0.011570361, z: 0.012327014}
  m_DirtyAABB: 0
--- !u!1 &5107306783737018290
GameObject:
  m_ObjectHideFlags: 0
  m_CorrespondingSourceObject: {fileID: 0}
  m_PrefabInstance: {fileID: 0}
  m_PrefabAsset: {fileID: 0}
  serializedVersion: 6
  m_Component:
  - component: {fileID: 5107306783737018291}
  m_Layer: 11
  m_Name: Arm_R_04_xRx
  m_TagString: Untagged
  m_Icon: {fileID: 0}
  m_NavMeshLayer: 0
  m_StaticEditorFlags: 0
  m_IsActive: 1
--- !u!4 &5107306783737018291
Transform:
  m_ObjectHideFlags: 0
  m_CorrespondingSourceObject: {fileID: 0}
  m_PrefabInstance: {fileID: 0}
  m_PrefabAsset: {fileID: 0}
  m_GameObject: {fileID: 5107306783737018290}
  m_LocalRotation: {x: 8.64102e-17, y: 0.75183976, z: -8.64102e-17, w: 0.65934587}
  m_LocalPosition: {x: 0.0013199997, y: -0.000000005149841, z: -0.0047500003}
  m_LocalScale: {x: 1, y: 1, z: 1}
  m_Children:
  - {fileID: 5107306783207705663}
  m_Father: {fileID: 5107306783272182934}
  m_RootOrder: 0
  m_LocalEulerAnglesHint: {x: 0, y: 47.821587, z: 0}
--- !u!1 &5107306784022947840
GameObject:
  m_ObjectHideFlags: 0
  m_CorrespondingSourceObject: {fileID: 0}
  m_PrefabInstance: {fileID: 0}
  m_PrefabAsset: {fileID: 0}
  serializedVersion: 6
  m_Component:
  - component: {fileID: 5107306784022947841}
  m_Layer: 11
  m_Name: Arm_L_03_xRx
  m_TagString: Untagged
  m_Icon: {fileID: 0}
  m_NavMeshLayer: 0
  m_StaticEditorFlags: 0
  m_IsActive: 1
--- !u!4 &5107306784022947841
Transform:
  m_ObjectHideFlags: 0
  m_CorrespondingSourceObject: {fileID: 0}
  m_PrefabInstance: {fileID: 0}
  m_PrefabAsset: {fileID: 0}
  m_GameObject: {fileID: 5107306784022947840}
  m_LocalRotation: {x: 0, y: -0, z: -0.25881907, w: 0.9659258}
  m_LocalPosition: {x: -0.00005, y: 0.00000004787445, z: -0.0016099993}
  m_LocalScale: {x: 1, y: 1, z: 1}
  m_Children:
  - {fileID: 5107306783281389056}
  m_Father: {fileID: 5107306782696759590}
  m_RootOrder: 0
  m_LocalEulerAnglesHint: {x: 0.38034484, y: 0.08233974, z: -77.70472}
--- !u!1 &5107306784145488302
GameObject:
  m_ObjectHideFlags: 0
  m_CorrespondingSourceObject: {fileID: 0}
  m_PrefabInstance: {fileID: 0}
  m_PrefabAsset: {fileID: 0}
  serializedVersion: 6
  m_Component:
  - component: {fileID: 5107306784145488303}
  m_Layer: 11
  m_Name: gun
  m_TagString: Untagged
  m_Icon: {fileID: 0}
  m_NavMeshLayer: 0
  m_StaticEditorFlags: 0
  m_IsActive: 1
--- !u!4 &5107306784145488303
Transform:
  m_ObjectHideFlags: 0
  m_CorrespondingSourceObject: {fileID: 0}
  m_PrefabInstance: {fileID: 0}
  m_PrefabAsset: {fileID: 0}
  m_GameObject: {fileID: 5107306784145488302}
  m_LocalRotation: {x: 0, y: 0, z: 0, w: 1}
  m_LocalPosition: {x: -0.0049, y: 0.0014, z: 0.0342}
  m_LocalScale: {x: 1, y: 1, z: 1}
  m_Children: []
  m_Father: {fileID: 5107306783369382633}
  m_RootOrder: 1
  m_LocalEulerAnglesHint: {x: 0, y: 0, z: 0}
--- !u!1 &5107306784206536313
GameObject:
  m_ObjectHideFlags: 0
  m_CorrespondingSourceObject: {fileID: 0}
  m_PrefabInstance: {fileID: 0}
  m_PrefabAsset: {fileID: 0}
  serializedVersion: 6
  m_Component:
  - component: {fileID: 5107306784206536314}
  m_Layer: 11
  m_Name: Body_01_TRx
  m_TagString: Untagged
  m_Icon: {fileID: 0}
  m_NavMeshLayer: 0
  m_StaticEditorFlags: 0
  m_IsActive: 1
--- !u!4 &5107306784206536314
Transform:
  m_ObjectHideFlags: 0
  m_CorrespondingSourceObject: {fileID: 0}
  m_PrefabInstance: {fileID: 0}
  m_PrefabAsset: {fileID: 0}
  m_GameObject: {fileID: 5107306784206536313}
  m_LocalRotation: {x: 0.17364821, y: -0, z: -0, w: 0.9848078}
  m_LocalPosition: {x: -0, y: 0.000080000005, z: 0.0019899998}
  m_LocalScale: {x: 1, y: 1, z: 1}
  m_Children:
  - {fileID: 5107306783474396897}
  m_Father: {fileID: 5107306783155266430}
  m_RootOrder: 0
  m_LocalEulerAnglesHint: {x: 12.989867, y: 3.428126, z: -18.106066}
--- !u!1 &5107306784234640210
GameObject:
  m_ObjectHideFlags: 0
  m_CorrespondingSourceObject: {fileID: 0}
  m_PrefabInstance: {fileID: 0}
  m_PrefabAsset: {fileID: 0}
  serializedVersion: 6
  m_Component:
  - component: {fileID: 5107306784234640211}
  m_Layer: 11
  m_Name: center
  m_TagString: Untagged
  m_Icon: {fileID: 0}
  m_NavMeshLayer: 0
  m_StaticEditorFlags: 0
  m_IsActive: 1
--- !u!4 &5107306784234640211
Transform:
  m_ObjectHideFlags: 0
  m_CorrespondingSourceObject: {fileID: 0}
  m_PrefabInstance: {fileID: 0}
  m_PrefabAsset: {fileID: 0}
  m_GameObject: {fileID: 5107306784234640210}
  m_LocalRotation: {x: -0.7071068, y: 0, z: 0, w: 0.7071067}
  m_LocalPosition: {x: -0, y: 0, z: 0}
  m_LocalScale: {x: 1, y: 1, z: 1}
  m_Children:
  - {fileID: 5107306783562109314}
  - {fileID: 5107306783155266430}
  m_Father: {fileID: 5107306783369382633}
  m_RootOrder: 0
  m_LocalEulerAnglesHint: {x: -89.98021, y: 0, z: 0}
--- !u!1 &5107306784282772971
GameObject:
  m_ObjectHideFlags: 0
  m_CorrespondingSourceObject: {fileID: 0}
  m_PrefabInstance: {fileID: 0}
  m_PrefabAsset: {fileID: 0}
  serializedVersion: 6
  m_Component:
  - component: {fileID: 5107306784282772972}
  m_Layer: 11
  m_Name: Head_01_TRx
  m_TagString: Untagged
  m_Icon: {fileID: 0}
  m_NavMeshLayer: 0
  m_StaticEditorFlags: 0
  m_IsActive: 1
--- !u!4 &5107306784282772972
Transform:
  m_ObjectHideFlags: 0
  m_CorrespondingSourceObject: {fileID: 0}
  m_PrefabInstance: {fileID: 0}
  m_PrefabAsset: {fileID: 0}
  m_GameObject: {fileID: 5107306784282772971}
  m_LocalRotation: {x: 0, y: -0, z: -0.043619387, w: 0.99904823}
  m_LocalPosition: {x: 6.119595e-10, y: -0.0034999999, z: 0.000069999696}
  m_LocalScale: {x: 1, y: 1, z: 1}
  m_Children: []
  m_Father: {fileID: 5107306783474396897}
  m_RootOrder: 9
  m_LocalEulerAnglesHint: {x: 0.2823824, y: 8.729326, z: 15.5904045}
--- !u!1 &5107306784315992676
GameObject:
  m_ObjectHideFlags: 0
  m_CorrespondingSourceObject: {fileID: 0}
  m_PrefabInstance: {fileID: 0}
  m_PrefabAsset: {fileID: 0}
  serializedVersion: 6
  m_Component:
  - component: {fileID: 5107306784315992677}
  m_Layer: 11
  m_Name: eff_01
  m_TagString: Untagged
  m_Icon: {fileID: 0}
  m_NavMeshLayer: 0
  m_StaticEditorFlags: 0
  m_IsActive: 1
--- !u!4 &5107306784315992677
Transform:
  m_ObjectHideFlags: 0
  m_CorrespondingSourceObject: {fileID: 0}
  m_PrefabInstance: {fileID: 0}
  m_PrefabAsset: {fileID: 0}
  m_GameObject: {fileID: 5107306784315992676}
  m_LocalRotation: {x: 0.92387956, y: -0, z: 0, w: -0.38268346}
  m_LocalPosition: {x: -8.755696e-10, y: 0.005560234, z: -0.004491822}
  m_LocalScale: {x: 1, y: 1, z: 1}
  m_Children: []
  m_Father: {fileID: 5107306783474396897}
  m_RootOrder: 8
  m_LocalEulerAnglesHint: {x: -45.000004, y: 180, z: 180}
--- !u!1 &5107306784471446093
GameObject:
  m_ObjectHideFlags: 0
  m_CorrespondingSourceObject: {fileID: 0}
  m_PrefabInstance: {fileID: 0}
  m_PrefabAsset: {fileID: 0}
  serializedVersion: 6
  m_Component:
  - component: {fileID: 5107306784471446094}
  m_Layer: 11
  m_Name: Leg_R_01_xRx
  m_TagString: Untagged
  m_Icon: {fileID: 0}
  m_NavMeshLayer: 0
  m_StaticEditorFlags: 0
  m_IsActive: 1
--- !u!4 &5107306784471446094
Transform:
  m_ObjectHideFlags: 0
  m_CorrespondingSourceObject: {fileID: 0}
  m_PrefabInstance: {fileID: 0}
  m_PrefabAsset: {fileID: 0}
  m_GameObject: {fileID: 5107306784471446093}
  m_LocalRotation: {x: -0.333944, y: -0.22134727, z: 0.12977031, w: 0.90699863}
  m_LocalPosition: {x: 0.0021, y: 0, z: -0.0014699998}
  m_LocalScale: {x: 1, y: 1, z: 1}
  m_Children:
  - {fileID: 5107306783419714416}
  m_Father: {fileID: 5107306783155266430}
  m_RootOrder: 2
  m_LocalEulerAnglesHint: {x: 9.215071, y: -8.377691, z: 43.3204}
--- !u!1 &5107306784473783619
GameObject:
  m_ObjectHideFlags: 0
  m_CorrespondingSourceObject: {fileID: 0}
  m_PrefabInstance: {fileID: 0}
  m_PrefabAsset: {fileID: 0}
  serializedVersion: 6
  m_Component:
  - component: {fileID: 5107306784473783620}
  m_Layer: 11
  m_Name: Arm_R_02_TRx
  m_TagString: Untagged
  m_Icon: {fileID: 0}
  m_NavMeshLayer: 0
  m_StaticEditorFlags: 0
  m_IsActive: 1
--- !u!4 &5107306784473783620
Transform:
  m_ObjectHideFlags: 0
  m_CorrespondingSourceObject: {fileID: 0}
  m_PrefabInstance: {fileID: 0}
  m_PrefabAsset: {fileID: 0}
  m_GameObject: {fileID: 5107306784473783619}
  m_LocalRotation: {x: -0.56693625, y: -0.32911777, z: -0.379956, w: 0.65260875}
  m_LocalPosition: {x: 0.00315, y: -0.000000047683713, z: 0}
  m_LocalScale: {x: 1, y: 1, z: 1}
  m_Children:
  - {fileID: 5107306783272182934}
  m_Father: {fileID: 5107306784487423072}
  m_RootOrder: 0
  m_LocalEulerAnglesHint: {x: -35.634537, y: -28.339882, z: 21.451897}
--- !u!1 &5107306784487423087
GameObject:
  m_ObjectHideFlags: 0
  m_CorrespondingSourceObject: {fileID: 0}
  m_PrefabInstance: {fileID: 0}
  m_PrefabAsset: {fileID: 0}
  serializedVersion: 6
  m_Component:
  - component: {fileID: 5107306784487423072}
  m_Layer: 11
  m_Name: Arm_R_01_TRx
  m_TagString: Untagged
  m_Icon: {fileID: 0}
  m_NavMeshLayer: 0
  m_StaticEditorFlags: 0
  m_IsActive: 1
--- !u!4 &5107306784487423072
Transform:
  m_ObjectHideFlags: 0
  m_CorrespondingSourceObject: {fileID: 0}
  m_PrefabInstance: {fileID: 0}
  m_PrefabAsset: {fileID: 0}
  m_GameObject: {fileID: 5107306784487423087}
  m_LocalRotation: {x: 0, y: -0, z: -0, w: 1}
  m_LocalPosition: {x: 0.0011500003, y: -0.0022999996, z: -0.0010200001}
  m_LocalScale: {x: 1, y: 1, z: 1}
  m_Children:
  - {fileID: 5107306784473783620}
  m_Father: {fileID: 5107306783474396897}
  m_RootOrder: 2
  m_LocalEulerAnglesHint: {x: 0, y: 0, z: 0}
--- !u!1 &5107306784497097669
GameObject:
  m_ObjectHideFlags: 0
  m_CorrespondingSourceObject: {fileID: 0}
  m_PrefabInstance: {fileID: 0}
  m_PrefabAsset: {fileID: 0}
  serializedVersion: 6
  m_Component:
  - component: {fileID: 5107306784497097670}
  m_Layer: 11
  m_Name: Arm_R_11_TRx
  m_TagString: Untagged
  m_Icon: {fileID: 0}
  m_NavMeshLayer: 0
  m_StaticEditorFlags: 0
  m_IsActive: 1
--- !u!4 &5107306784497097670
Transform:
  m_ObjectHideFlags: 0
  m_CorrespondingSourceObject: {fileID: 0}
  m_PrefabInstance: {fileID: 0}
  m_PrefabAsset: {fileID: 0}
  m_GameObject: {fileID: 5107306784497097669}
  m_LocalRotation: {x: 0, y: -0, z: -0, w: 1}
  m_LocalPosition: {x: 0.00447, y: -0.0022099991, z: -0.0008999999}
  m_LocalScale: {x: 1, y: 1, z: 1}
  m_Children: []
  m_Father: {fileID: 5107306783474396897}
  m_RootOrder: 3
  m_LocalEulerAnglesHint: {x: 0, y: 0, z: 0}
--- !u!1 &5107306784578481704
GameObject:
  m_ObjectHideFlags: 0
  m_CorrespondingSourceObject: {fileID: 0}
  m_PrefabInstance: {fileID: 0}
  m_PrefabAsset: {fileID: 0}
  serializedVersion: 6
  m_Component:
  - component: {fileID: 5107306784578481705}
  m_Layer: 11
  m_Name: Body_04_TRS
  m_TagString: Untagged
  m_Icon: {fileID: 0}
  m_NavMeshLayer: 0
  m_StaticEditorFlags: 0
  m_IsActive: 1
--- !u!4 &5107306784578481705
Transform:
  m_ObjectHideFlags: 0
  m_CorrespondingSourceObject: {fileID: 0}
  m_PrefabInstance: {fileID: 0}
  m_PrefabAsset: {fileID: 0}
  m_GameObject: {fileID: 5107306784578481704}
  m_LocalRotation: {x: 0, y: -0, z: -0, w: 1}
  m_LocalPosition: {x: -0.0028000006, y: 0.0035799993, z: -0.0015400009}
  m_LocalScale: {x: 1, y: 1, z: 1}
  m_Children: []
  m_Father: {fileID: 5107306783474396897}
  m_RootOrder: 5
  m_LocalEulerAnglesHint: {x: 0, y: 0, z: 0}
--- !u!1 &5107306784615763870
GameObject:
  m_ObjectHideFlags: 0
  m_CorrespondingSourceObject: {fileID: 0}
  m_PrefabInstance: {fileID: 0}
  m_PrefabAsset: {fileID: 0}
  serializedVersion: 6
  m_Component:
  - component: {fileID: 5107306784615763871}
  m_Layer: 11
  m_Name: Body_03_xxS
  m_TagString: Untagged
  m_Icon: {fileID: 0}
  m_NavMeshLayer: 0
  m_StaticEditorFlags: 0
  m_IsActive: 1
--- !u!4 &5107306784615763871
Transform:
  m_ObjectHideFlags: 0
  m_CorrespondingSourceObject: {fileID: 0}
  m_PrefabInstance: {fileID: 0}
  m_PrefabAsset: {fileID: 0}
  m_GameObject: {fileID: 5107306784615763870}
  m_LocalRotation: {x: 0, y: -0, z: -0, w: 1}
  m_LocalPosition: {x: -9.536743e-10, y: 0.0033499992, z: -0.00144}
  m_LocalScale: {x: 1, y: 1, z: 1}
  m_Children: []
  m_Father: {fileID: 5107306783474396897}
  m_RootOrder: 4
  m_LocalEulerAnglesHint: {x: 0, y: 0, z: 0}
